3282 5404
116 475 122 752 ἒ
354 520 357 524 ’
634 520 769 572 Psulnlst
788 525 851 574 Xlll.

240 741 295 803 llio
316 759 403 820 reges
424 747 536 802 tanum
558 759 605 802 me
627 740 799 820 designasse
820 759 876 821 per
895 741 999 804 orbem

242 852 316 915 Tam
337 851 456 924 multos,
478 851 572 913 virtus
593 867 696 928 regum
719 869 806 930 quam
827 870 893 914 rara
914 851 1060 915 bonorum
1082 863 1137 917 est.

283 963 343 1024 Fae
364 961 404 1023 ita
426 960 602 1038 distinguas,
625 979 703 1040 quae
724 960 802 1035 dixi3
825 961 869 1022 sic
891 979 1011 1041 quoque
1032 981 1153 1039 nosces,

175 1081 226 1132 1⁰0
241 1072 336 1133 Posse
358 1087 479 1131 manere
501 1069 599 1143 simul,
623 1071 702 1150 quod
724 1088 780 1149 ego
801 1071 915 1133 luerem
937 1079 1005 1133 ante
1026 1071 1153 1148 locarius,

241 1181 279 1242 Et
300 1180 379 1260 quod
402 1179 439 1240 de
460 1179 557 1260 primo
580 1188 611 1242 tu
633 1180 731 1244 uadis
751 1189 845 1260 patre,
867 1181 1014 1261 simulque

241 1291 285 1353 De
306 1279 360 1350 tibi
381 1289 489 1352 dilecto
512 1298 542 1352 et
563 1290 662 1352 nobis.
705 1292 801 1370 Atque
822 1290 960 1354 isuuad
982 1291 1077 1353 instar

241 1397 359 1461 Plumbi
381 1399 419 1460 sit
439 1398 558 1479 plantis,
582 1408 613 1462 ut
633 1400 713 1462 lento
736 1400 875 1463 incedere
896 1418 995 1480 passu,

243 1511 325 1572 lilore
347 1509 477 1570 hominis
498 1508 581 1583 lassi,
604 1527 770 1583 assuescas,
793 1510 820 1570 si
842 1510 919 1572 lorte
940 1509 1108 1586 negandum

176 1636 227 1690 1⁰5
243 1625 306 1680 Aul
321 1619 528 1682 affirmandum
549 1619 655 1692 veniet,
680 1619 760 1698 quod
782 1617 894 1682 lumine
916 1620 1048 1682 noudum

243 1729 412 1808 Perspicias
436 1729 525 1792 claro.
570 1729 733 1792 Stultorum
754 1730 900 1792 maximus
922 1727 972 1790 ille
993 1737 1048 1802 est,

245 1838 302 1912 Qui
325 1837 488 1919 quidquam
509 1839 659 1918 utrimque
680 1840 843 1902 ailirmatre
864 1847 996 1918 negatae,
1020 1839 1194 1920 priusquam

243 1948 419 2026 Distinguat.
466 1947 564 2020 Quare
584 1949 618 2010 iit
640 1967 740 2028 saepe,
762 1957 796 2011 ut
816 1957 915 2028 vergat
937 1948 1069 2027 iniquam

243 2059 287 2120 Ad
308 2067 434 2138 partem,
457 2075 545 2137 quam
568 2058 659 2120 corde
681 2065 770 2132 tenet,
793 2059 939 2120 sententia
961 2076 1122 2148 praesens,

178 2178 228 2230 110
244 2168 318 2230 Dein
340 2167 471 2229 studium
493 2165 643 2230 obdurans
665 2169 796 2232 innectat
817 2167 932 2230 vinnula
954 2168 1054 2228 menti.

286 2275 377 2357 Pejus
399 2295 489 2356 quam
510 2277 620 2340 frustra
641 2277 770 2341 discedit
790 2277 900 2350 littore,
923 2277 1059 2357 quisquis

245 2387 354 2450 Verum
376 2386 521 2466 expiscari
544 2387 651 2450 suadet
671 2387 740 2461 sibi,
762 2387 884 2448 nescius
905 2387 996 2461 artis3
1047 2417 1049 2426 v

245 2495 380 2577 Namque
401 2497 459 2558 iste
480 2495 559 2558 haud
582 2496 660 2570 talis,
679 2497 776 2577 qualis
799 2496 854 2559 luit
875 2504 951 2569 ante,
974 2495 1093 2569 redibit,

151 2603 153 2608 ’
245 2609 341 2688 Atque
362 2607 447 2680 haec,
471 2625 547 2689 quae
569 2605 646 2680 dico,
668 2605 752 2668 robis
775 2614 920 2668 testantur
941 2613 1041 2686 aperte

180 2726 230 2780 115
245 2716 446 2789 Panunurnss,
468 2699 587 2790 Barrus,
610 2735 755 2796 mensque
778 2715 930 2780 obfirmata
953 2715 1085 2791 Mnurssr,

191 2841 196 2848 ·
246 2827 282 2888 Et
303 2827 396 2900 multi,
419 2826 523 2904 ignari,
547 2845 607 2905 quo
629 2826 759 2899 tendant,
782 2845 878 2907 quove
900 2827 1051 2892 resistant.

246 2937 308 2998 llos
331 2936 534 3009 interfuerat,
556 2935 749 3010 mihicrede,
774 2937 937 3008 Sesamus,
959 2935 1051 3004 larus

246 3048 341 3126 Atque
363 3045 406 3108 illi
429 3045 521 3117 stulti,
544 3045 710 3124 gladiorum
731 3065 815 3108 more
838 3064 940 3108 secare

247 3157 417 3236 Scripturas
439 3156 514 3228 ausi,
536 3163 613 3218 torta
637 3155 692 3216 sub
714 3154 844 3232 imagine
864 3162 965 3216 rectos

180 3281 230 3334 12⁰
246 3265 444 3328 lionstrantes
465 3265 573 3328 vultus.
615 3265 746 3328 Nimium
767 3282 873 3326 secura
895 3264 1025 3326 minutae

245 3375 383 3444 Nondum
405 3375 495 3438 etiam
517 3375 557 3436 sit
577 3393 663 3436 mens
684 3372 791 3454 plebis,
814 3391 882 3435 cum
900 3373 1023 3453 judicet,
1045 3383 1078 3436 ut
1100 3377 1151 3454 qui

245 3485 393 3548 Aestimat
410 3485 442 3545 in
464 3484 548 3547 sulco
570 3491 698 3563 segetes,
720 3483 773 3545 ubi
794 3484 904 3546 messis
925 3483 957 3546 in
977 3483 1071 3546 herlae
1093 3495 1147 3559 est,

246 3597 377 3676 Namque
399 3595 528 3658 hiemem
549 3602 641 3656 totam
663 3593 722 3656 vidi
744 3593 932 3673 rigidumque
954 3595 1096 3673 feroxque

248 3706 337 3767 Stans
358 3723 496 3784 prunum,
521 3705 600 3784 quod
622 3703 732 3766 deinde
752 3723 838 3766 rosas
860 3704 890 3766 in
914 3705 1022 3768 vertice
1044 3704 1186 3780 habebat;

180 3819 230 3874 125
246 3815 283 3876 Et
304 3814 434 3876 celerem
455 3824 595 3893 rectaque
616 3813 663 3876 via
683 3815 756 3877 vada
778 3813 856 3876 salsa
877 3821 1029 3876 secantem

248 3923 379 4003 Cognovi
400 3925 512 4004 pinum,
536 3943 612 4003 quae
634 3933 739 4003 portus
761 3923 863 3986 limine
885 3923 915 3984 in
937 3923 1004 4002 ipso

246 4033 397 4113 Disperiil.
442 4034 525 4104 Quae
547 4041 614 4096 nata
635 4033 700 4107 luit,
722 4033 870 4096 deducere
892 4033 999 4106 lanaan,

246 4143 365 4215 Bertlra,
388 4152 438 4206 aut
459 4151 607 4206 mercator
626 4143 779 4217 Martinus,
802 4143 924 4206 credere
946 4152 1057 4223 pareat

247 4253 279 4316 si
302 4254 398 4316 iurem
420 4253 500 4316 ridet
520 4253 610 4326 laune,
633 4252 831 4316 cumulantem
854 4252 956 4316 altaria
979 4253 1066 4316 donis

180 4377 230 4429 130
245 4363 350 4436 Illum,¹
364 4362 455 4425 divini
477 4381 510 4424 se
532 4377 624 4445 posse
645 4363 756 4424 intrare
777 4363 908 4426 latebras

247 4473 380 4535 Consilii.
424 4472 527 4555 Possit
547 4477 594 4536 sur
615 4488 747 4549 surgere,
770 4469 865 4539 labier
886 4473 953 4536 isle.

1158 4577 1188 4626 21
