3214 5400
764 503 944 558 recensenti
962 505 1011 556 1111.

389 723 541 786 Exstincto
562 723 715 788 exstinctis
736 731 766 786 et
785 723 850 788 vive
872 721 1116 786 simillimuviris

339 845 372 896 eo
391 834 523 914 Corpora
544 833 682 896 dixisses.
724 832 819 896 Nemo
841 833 996 897 verissimo
1015 833 1098 907 vidit,

391 945 487 1017 Quom
509 963 585 1024 quae
608 961 663 1022 ego
686 941 794 1006 calcavi
816 941 953 1022 pedibus.
977 944 1048 1006 dum
1070 961 1199 1007 cernuus
1221 943 1310 1007 ibam

431 1053 485 1134 Eia
506 1053 555 1126 ite,
578 1071 596 1116 o
617 1053 679 1114 lira
699 1051 800 1131 geniti,
823 1069 903 1115 nunc
924 1051 966 1119 ite
988 1052 1111 1132 superbi

268 1152 270 1180 '
389 1163 461 1225 Visu
483 1162 608 1234 sublato,
631 1181 670 1224 ne
691 1160 775 1224 robis
797 1179 921 1226 cernere
942 1162 1030 1228 detur

391 1273 485 1346 Qunam
506 1291 629 1352 pravum
650 1271 776 1334 teneatis
797 1272 864 1336 iter.
886 1301 929 1318 -
948 1272 1015 1334 dam
1035 1273 1162 1336 maxime
1184 1273 1271 1338 nobis

340 1393 372 1447 35
389 1384 462 1445 Pars
486 1383 597 1444 circum
618 1389 773 1462 peragrate
793 1381 869 1462 jugi,
891 1380 1045 1462 multoque
1067 1382 1166 1446 diurni

391 1493 461 1554 Pius
485 1500 548 1554 erat
568 1492 736 1571 impensum
758 1509 873 1564 cursus,
898 1509 986 1570 quam
1007 1499 1106 1554 mente
1127 1499 1264 1573 putaram

391 1602 457 1664 Non
480 1619 588 1676 racua;
611 1619 688 1674 curn,
712 1601 763 1680 qui
785 1617 905 1680 semper
925 1601 1062 1680 vigilante
1084 1602 1218 1682 praeibat

392 1711 544 1774 Sollicitos
567 1729 645 1784 curn,
669 1711 783 1790 coepit:
807 1711 901 1790 Caput
923 1711 1037 1788 arriger
1059 1727 1119 1774 non
1141 1719 1189 1774 est

326 1889 329 1894 ,
391 1823 521 1901 Tempus
543 1829 698 1900 praeterea
720 1819 1030 1900 snspenso'incedere
1052 1839 1152 1901 passu,

340 1943 373 1994 ⁷⁰
391 1933 427 1994 Ut
448 1931 547 1994 modo.
592 1930 687 1992 Cerne
709 1929 770 1992 iilic
792 1930 911 2010 superis
933 1931 971 1992 de
993 1931 1114 1994 sedibus
1136 1949 1228 1996 unum

390 2041 541 2118 aligerum
562 2041 621 2104 buc
643 2041 850 2104 adventantem
872 2041 930 2102 cito
953 2039 1231 2120 adesse1peratum3

391 2153 530 2243 Adspice,
553 2159 634 2214 sexta
656 2151 733 2214 redit
753 2150 894 2214 remulsis
915 2149 1021 2213 aneilla
1043 2151 1114 2213 diei.

391 2262 449 2324 Fac
474 2261 527 2323 tibi
550 2262 748 2340 compositum
770 2271 894 2324 exornet
914 2261 1080 2324 reverentia
1101 2260 1214 2324 ruitum

391 2372 429 2433 Et
449 2381 575 2448 gestum,
598 2379 631 2433 ut
649 2371 732 2451 jruvet
753 2372 832 2434 bunc
853 2386 910 2434 nos
932 2377 1064 2432 montem
1085 2370 1202 2433 mittere
1222 2371 1254 2436 in
1276 2372 1384 2444 etune

342 2492 375 2544 75
391 2482 482 2544 Volve
505 2480 604 2544 animo
626 2479 704 2542 hanc
725 2499 787 2542 non
807 2498 899 2560 posse
921 2479 1002 2544 diem
1022 2479 1176 2542 lucescere
1196 2496 1312 2548 rursus.

393 2594 489 2672 Saepe
512 2599 652 2656 assuetus
675 2609 755 2653 eram
775 2591 907 2664 monitis,
931 2591 1016 2670 queis
1039 2590 1149 2652 ducere
1168 2597 1288 2672 tempus

392 2703 438 2764 Me
462 2703 566 2764 doctor
586 2701 695 2775 uetuit3
717 2719 808 2780 quare
830 2700 904 2762 mihi
924 2700 1015 2762 rebus
1037 2700 1069 2762 in
1091 2699 1157 2762 istis

392 2811 458 2873 Non
480 2811 577 2891 potuit
599 2810 738 2872 docuisse
761 2828 836 2872 nora
857 2817 908 2872 cut
927 2809 1069 2890 perplexa
1090 2810 1214 2890 profari.

434 2920 578 2996 Egregius
599 2920 704 2994 torma,
726 2919 812 2982 niveo
835 2919 1015 2999 spectandus
1037 2919 1155 2995 amictu,

268 3047 271 3074 ¹
341 3045 375 3097 80
393 3031 474 3094 Ultro
498 3028 674 3090 occurrebat
693 3028 882 3094 venientibus
904 3028 1009 3091 obvius
1030 3029 1107 3104 ales3

269 3131 271 3181 ³
391 3140 526 3204 Matutini
548 3139 641 3204 instar
661 3139 788 3202 tremulo
812 3137 926 3215 fulgore
947 3139 1085 3201 micantis

269 3233 286 3265 '·
393 3251 517 3322 seceris,
539 3247 724 3312 surerenas
746 3249 888 3314 recinat.
930 3249 1057 3312 crana
1077 3248 1180 3328 panae

269 3369 272 3422 ¹.
392 3361 524 3426 Primum
546 3366 576 3426 et
597 3377 665 3420 mox
686 3359 748 3422 aias
770 3358 875 3426 simul:
898 3358 1125 3432 decurrenits,
1148 3359 1229 3433 dixit,
1333 3363 1337 3374 '

273 4655 361 4664 ---.——
374 4659 382 4664 -
390 4657 532 4664 η...-.--.,.-
538 4657 608 4663 ...η---
622 4658 667 4665 --.,.
674 4659 692 4664 .-

393 3471 448 3532 Hic
470 3487 564 3549 prope
587 3477 657 3532 sunt
677 3469 773 3531 aditus
796 3468 951 3547 facilisque
974 3469 1098 3532 evadere
1119 3468 1150 3530 in
1172 3469 1262 3532 altum

342 3595 376 3648 85
393 3579 587 3657 Dat'gradus.
631 3579 713 3640 Haeo
733 3578 860 3640 suadent
881 3595 1018 3656 gressum
1039 3578 1099 3639 huc
1120 3579 1286 3642 hortamina
1308 3581 1387 3644 serre

393 3691 498 3751 Raros.
540 3689 704 3764 Progenies
726 3689 890 3762 bominum,
913 3704 1005 3768 super
1026 3695 1106 3752 astra
1128 3689 1228 3752 volare

394 3800 497 3870 Enete,
520 3798 559 3863 ah
581 3797 720 3878 quianam
741 3807 771 3860 te
792 3798 906 3860 tantula
929 3797 1030 3878 dejicit
1050 3797 1145 3860 aura?

436 3908 465 3968 is
488 3927 542 3970 nos
565 3907 694 3981 dedtuit,
718 3926 777 3986 quo
799 3927 891 3988 rupes
914 3925 1000 3970 caesa
1021 3909 1157 3989 patebat:

393 4018 448 4078 Hic
470 4017 542 4078 mihi
564 4018 714 4097 percussit
734 4019 864 4080 frontem
885 4018 1070 4081 vibrantibus
1091 4018 1157 4092 alis,

342 4139 376 4190 90
394 4128 468 4188 Dein
490 4133 584 4190 tutum
605 4128 743 4207 promisit
763 4129 820 4190 iter
840 4128 923 4190 mihi.
968 4128 1083 4202 Qualis,
1106 4129 1156 4191 ubi
1178 4129 1270 4191 altum

393 4238 417 4296 A
439 4236 540 4298 dextra
561 4244 694 4300 montem
716 4237 904 4312 conscendis,
928 4257 988 4318 quo
1010 4239 1120 4303 insidet
1141 4239 1241 4313 aedes,

394 4346 476 4417 Quae
497 4346 574 4406 bene
595 4355 748 4422 inoratam,
773 4346 956 4412 Rubiconem
978 4348 1118 4428 desuper,
1140 4350 1246 4414 urbem

281 4525 288 4548 Ιχ
394 4454 529 4535 Subjicit,
553 4455 717 4520 adscensus
739 4457 835 4537 rapidi
858 4457 1083 4542 interrumpitur
1104 4460 1198 4525 audax
1273 4501 1279 4512 ·

874 4662 883 4669 -
891 4664 1045 4675 .·..—...---....
1052 4655 1197 4676 ..h-...nm-
1203 4665 1401 4674 ..m—*—
1406 4667 1431 4672 -
1438 4667 1448 4672 -
