3282 5404
362 541 423 606 ³58
808 545 942 596 rsusursr
959 545 1040 596 xxru.

376 773 410 826 ιι)
426 759 502 822 Huic
522 762 629 836 vultus,
651 769 819 842 tantamque
841 763 936 825 cerdis
959 762 1124 826 diffundere
1145 766 1244 845 plenis

425 871 591 946 Laetitiam,
614 880 646 935 ut
669 889 758 949 cogar
779 873 892 934 lructus
915 871 946 934 id
968 871 1102 953 linquere
1124 876 1221 938 inane.

469 980 572 1055 Qualis
593 981 649 1044 sub
671 990 790 1043 noctem
811 981 889 1044 ridet
909 982 998 1061 pleno
1021 984 1094 1046 urbe
1116 1004 1251 1048 serenam

425 1092 588 1154 Aethereas
611 1091 688 1152 inter
707 1089 906 1170 pulcherrima
928 1091 1011 1156 Delia
1032 1095 1186 1174 nymphas,

427 1201 533 1263 Omnia
554 1200 710 1280 pingentes
732 1200 809 1262 eceli
830 1201 915 1276 lcca3
938 1201 1030 1266 millia
1052 1223 1142 1284 supra

374 1319 408 1374 25
426 1311 626 1390 splendorum
647 1308 813 1372 adstantem
834 1311 903 1384 ridi,
927 1311 977 1391 qui
999 1312 1110 1376 lumine
1132 1316 1246 1378 cunctis
1358 1319 1362 1328 '

425 1419 560 1482 lionabat
580 1419 739 1499 splendere
762 1436 825 1493 suu,
849 1421 952 1494 solem,
975 1428 1008 1486 ut
1029 1423 1107 1484 solct
1127 1424 1184 1485 istc

427 1529 534 1592 Omnia
555 1529 621 1591 lucc
644 1549 696 1592 sua
718 1529 898 1609 perfundere
920 1531 1003 1610 sigua
1026 1549 1167 1612 superna.

425 1640 462 1702 lit
481 1639 586 1720 jubare
608 1658 643 1700 ex
664 1639 729 1700 vivo
752 1655 821 1700 carc
843 1638 953 1718 lulgidu
974 1640 1177 1704 translucebat

426 1749 460 1812 ln
481 1750 563 1811 visus
585 1757 645 1812 tam
666 1748 746 1811 clara
767 1767 861 1822 mene,
884 1759 917 1811 ut
937 1750 1016 1812 lerre
1038 1752 1203 1831 nequirem.

376 1859 451 1923 3⁰0
474 1859 546 1921 mihi
568 1860 626 1920 dux
648 1858 754 1932 dulcis,
777 1858 835 1920 dux
857 1875 875 1918 n
896 1858 970 1921 mihi
992 1878 1069 1932 carn,
1091 1861 1235 1923 Burrum!

468 1968 521 2030 Illa
542 1968 632 2029 mihi:
655 1967 738 2042 Quae
760 1975 789 2030 tc
811 1968 903 2030 virtus
925 1969 1034 2042 domat,
1057 1969 1156 2032 omnia
1179 1972 1297 2050 frangit.

340 2073 375 2128 ι’
426 2079 481 2140 Hic
503 2078 647 2158 sapientia
669 2077 762 2152 adest,
784 2079 952 2158 pariterque
973 2079 1108 2159 putentia
1130 2081 1263 2160 pandens

427 2187 548 2251 (Icelum
571 2186 649 2248 inter
670 2194 836 2268 terramque
858 2189 930 2260 vias,
954 2206 1027 2268 quas
1049 2189 1175 2268 plurima
1197 2190 1318 2268 longum

425 2297 490 2360 Jarn
511 2305 578 2358 vcta
601 2303 749 2376 optarunt.
773 2330 813 2342 -
835 2297 872 2359 Ut
892 2297 988 2378 ruptis
1011 2298 1139 2360 nubibus
1161 2300 1247 2378 ignis

376 2416 409 2470 35
427 2407 485 2480 Qui
506 2425 567 2468 uon
589 2425 622 2467 se
645 2406 732 2486 capit,
755 2425 902 2486 expansus
924 2408 1085 2487 petitine,
1107 2409 1228 2471 rebellis

425 2517 571 2591 Naturae3
592 2516 671 2577 haud
695 2516 787 2590 aliter,
809 2524 889 2580 tauta
910 2517 1116 2597 inter'pabula
1137 2520 1213 2581 lines

427 2627 616 2706 Exsuperans
638 2634 746 2698 arctos,
769 2644 802 2686 se
824 2626 890 2706 ipsa
910 2645 995 2690 mens
1016 2626 1111 2710 major
1131 2627 1230 2701 abivit,
1340 2683 1352 2694 .

427 2735 499 2808 Nec,
523 2753 598 2814 quae
620 2736 815 2808 tunderent,
838 2754 918 2800 nunc
938 2745 984 2798 est
1004 2737 1175 2800 meminisse
1197 2739 1331 2803 incultas.

428 2843 528 2905 Pande
551 2843 665 2918 oculos,
688 2844 843 2924 qualisque
866 2861 921 2922 ego
944 2845 1001 2908 sim
1022 2848 1121 2919 modo,
1145 2839 1275 2928 suspice,
1297 2849 1384 2924 dixin

378 2967 412 3018 40
430 2953 512 3015 Talia
532 2953 641 3026 vidisti,
664 2961 696 3016 ut
716 2952 814 3016 valeas
832 2954 893 3036 jam
915 2957 994 3019 ferre
1014 2957 1126 3020 tuende

428 3064 533 3124 Risum
554 3063 676 3142 impune
697 3081 806 3126 meum.
850 3065 980 3139 stabam,
1001 3073 1035 3129 ιιι
1056 3067 1107 3146 qui
1128 3067 1192 3142 viss
1212 3069 1338 3146 requirit

430 3174 528 3235 Oblita
551 3192 703 3246 excussus,
726 3173 835 3236 lrustra
856 3176 931 3238 haec
952 3185 1091 3238 revocare
1111 3176 1275 3251 laborans·

430 3283 523 3345 Tanta
543 3283 594 3346 ubi
616 3284 764 3363 promissa
785 3284 891 3358 audivi,
914 3293 1024 3348 ettam
1045 3285 1131 3363 digus
1152 3288 1253 3350 ferere
1333 3331 1335 3338 ι

431 3393 512 3454 Grati
535 3393 634 3466 animi,
657 3401 686 3454 et
708 3412 859 3473 nunquam
881 3413 917 3458 ex
937 3393 1015 3458 libro
1037 3393 1162 3458 delenda
1184 3397 1310 3461 docento

380 3504 413 3558 45
430 3503 604 3565 Praeterita.
646 3503 684 3565 lt
703 3521 773 3566 vero
796 3504 822 3566 si
843 3521 923 3589 nuuc
944 3516 1051 3568 cuncta
1072 3523 1125 3570 cra
1145 3515 1293 3582 sonarent,

429 3612 566 3674 Jucundo
589 3629 664 3690 quae
685 3611 761 3674 lacte
782 3613 876 3691 magis
897 3613 1094 3692 pinguescere
1116 3615 1218 3680 turbae

430 3721 579 3784 Aonidum
600 3721 753 3793 dederunt,
774 3722 847 3786 mihi
870 3741 958 3802 opem
979 3725 1075 3788 latura
1097 3725 1212 3788 canenti

430 3831 534 3892 Risum
555 3831 674 3904 almum,
697 3840 787 3911 utque
809 3831 897 3894 dabat
918 3832 1084 3896 clarescere
1104 3837 1207 3914 purius
1230 3837 1275 3898 cri

305 3953 307 3956 ’
429 3942 573 4004 Fcrmcsn
594 3940 645 4002 hic
665 3940 755 4015 risus,
776 3961 845 4021 pars
866 3942 945 4004 haud
966 3944 1124 4006 millesima
1145 3947 1207 4008 reri

381 4058 416 4112 50
431 4051 496 4112 Huc
518 4049 630 4112 subeat„
674 4051 772 4124 Quare
793 4052 968 4118 Paradisum
987 4054 1111 4134 pingere
1133 4055 1263 4128 adortus,

432 4161 585 4224 Sacratum
607 4159 682 4222 saltu
703 4180 751 4224 me
771 4161 956 4226 transiluisse
976 4169 1083 4243 poema

433 4269 591 4344 Confiteor,
615 4269 709 4349 qualis
731 4272 783 4351 qui
804 4271 928 4335 cliendit
948 4273 1025 4338 lerts
1046 4273 1186 4347 recisum,

432 4377 519 4450 Qucd
540 4379 722 4459 peragrabat,
745 4381 811 4444 iter.
854 4381 915 4444 Sed
936 4382 987 4462 qui
1005 4401 1096 4462 qrare
1118 4392 1215 4448 mente
1236 4384 1348 4450 volutet

431 4488 551 4550 Pondus
573 4489 712 4552 materiae
733 4508 768 4554 ac
789 4500 903 4569 tergum
925 4491 1050 4558 munus
1070 4502 1227 4572 gravatum,
