3282 5404
348 501 410 564 336
801 501 935 552 renueret
953 501 1020 552 surr.

414 721 588 802 Exspeetea.
629 720 768 784 Nondum
788 719 820 784 id
842 730 946 800 gentes
968 737 1100 793 sensere,
1123 719 1269 784 novellam

364 845 398 898 7⁰
413 832 547 894 Aetatem
567 837 701 912 prepter,
723 849 812 910 quem
833 829 945 893 eireum
968 827 1067 892 sideru
1090 837 1202 892 tantum

413 941 576 1022 Explenrnt
597 939 701 1003 nevies
724 939 836 1002 erbam.
881 939 988 1000 Verum
1010 947 1073 1002 arte
1095 938 1271 1020 priusquam

415 1051 598 1112 Gunsaonrns
620 1067 710 1130 prava
731 1049 887 1112 nemean
909 1048 1062 1128 deceperit
1082 1048 1182 1122 ultum,

414 1159 497 1222 Illius
519 1167 656 1240 erumpet
675 1157 785 1222 multas
807 1157 935 1220 missura
956 1158 1080 1237 sagittas

413 1263 523 1344 tintus,
544 1276 700 1350 aspernata
721 1287 836 1342 aurum,
858 1275 1015 1348 aspernata
1035 1266 1179 1332 laborem.

364 1384 397 1439 75
413 1378 587 1458 Magnifieae
608 1377 752 1458 splendor
772 1379 848 1442 vitae
870 1395 989 1458 queque
1010 1377 1128 1440 iumine
1144 1377 1224 1440 clero

413 1488 546 1563 Eminus,
569 1507 604 1550 ae
625 1488 685 1551 late
707 1488 753 1552 sie
772 1486 934 1568 effulgebit,
955 1495 989 1550 ut
1008 1487 1113 1550 beetes

412 1598 498 1662 naun
519 1598 638 1679 possint
658 1599 757 1662 taeitia
778 1599 860 1662 hune
879 1596 1116 1678 praetermittere
1135 1597 1256 1676 linguis.

412 1707 498 1771 tinne
519 1707 574 1770 tibi
596 1708 643 1772 tae
663 1725 791 1780 maneae,
814 1708 903 1788 hujus
923 1707 1140 1786 benefactaque
1161 1725 1275 1788 speres.
1350 1721 1357 1726 ·

413 1817 499 1880 Hune
520 1825 643 1899 propter
664 1817 769 1880 faeiem
790 1816 916 1880 mutabit
937 1817 1065 1898 plurima
1085 1816 1181 1891 tmbe,

362 1931 398 1988 8⁰
413 1928 501 1990 Dives
523 1927 574 1990 ubi
596 1946 632 1990 ae
653 1945 768 2008 pauper
787 1945 873 1990 versa
894 1927 959 1990 viee
980 1927 1124 2006 mandunt
1145 1945 1259 1988 nevum.

412 2039 515 2118 Deque
536 2037 587 2100 ille
610 2036 664 2100 tibi
686 2037 777 2100 eorde
797 2037 877 2100 feres
897 2037 972 2100 haee
992 2037 1106 2118 seriptu
1125 2035 1180 2098 sub
1202 2035 1275 2108 imo,

413 2147 451 2209 At
473 2166 534 2209 nen
555 2146 701 2210 narrabis.
723 2179 765 2192 -
787 2147 863 2210 Tum
883 2165 955 2210 rere
977 2145 1046 2210 talia
1066 2145 1142 2208 dixit

414 2257 482 2320 Non
502 2257 638 2322 habitura
659 2257 751 2320 bdem
772 2273 873 2320 ueram
894 2255 1084 2334 eernentibus
1107 2256 1173 2318 ista.

413 2347 541 2450 Insuper
561 2367 636 2430 haee
656 2367 752 2430 addit:
775 2367 851 2430 Sunt
869 2367 955 2440 been,
976 2385 1023 2430 me
1045 2365 1217 2446 interprete,
1239 2364 1292 2438 tili,

364 2486 398 2542 85
415 2479 497 2553 Quae
518 2477 618 2555 gravia
639 2476 758 2551 audisti,
779 2495 933 2558 perpessa,
955 2485 986 2538 et
1005 2476 1084 2540 taeta
1105 2475 1210 2538 dalem

385 2651 388 2662 ,
411 2588 528 2662 Abdita,
551 2607 627 2668 quae
649 2595 804 2666 emergent·
821 2584 926 2667 paneis
946 2585 1116 2654 lubentibus
1138 2584 1235 2648 annis.

412 2697 479 2760 Non
500 2707 598 2760 tamen
620 2695 754 2760 inrideas
775 2696 895 2771 vieiuis3
917 2715 986 2760 narn
1007 2695 1062 2760 tibi
1084 2696 1143 2758 uita

411 2807 484 2870 Plus
506 2807 643 2869 diuturna
664 2807 750 2882 seret,
774 2825 862 2886 quam
883 2815 1000 2888 tempus
1023 2805 1146 2870 erimina
1168 2812 1267 2868 tantae

412 2917 559 2980 Perfidiae
578 2917 720 2980 ulturum.
741 2949 783 2962 -·
803 2917 967 2998 Postquam
987 2915 1174 2995 subtegmina
1195 2913 1281 2988 telae,
1298 2959 1299 2964 η

362 3034 396 3087 ur
413 3028 545 3108 Stamiue
567 3045 656 3107 quem
677 3026 813 3100 intendit,
836 3045 869 3090 se
891 3034 937 3088 sat
958 3005 1088 3096 duxisse,
1111 3024 1228 3088 silendo

412 3139 522 3201 Sancta
542 3136 641 3200 anima
663 3136 801 3210 ostendit,
824 3136 921 3216 caepi,
943 3135 1049 3216 utqui
1070 3137 1194 3198 fluctuat
1214 3152 1336 3214 anenps,
1399 3195 1401 3200 .

413 3247 577 3312 Consilium
597 3265 727 3328 poscens
749 3265 839 3326 quem
859 3253 983 3327 spectat,
1005 3246 1125 3326 ruitque
1148 3244 1283 3318 seorsim,
1395 3289 1397 3296 ,

410 3359 508 3438 Atque
530 3364 617 3419 amat.
650 3355 736 3420 Haud
757 3355 906 3436 equidem,
928 3363 1022 3436 pater,
1045 3356 1159 3435 ignoro,
1183 3363 1216 3418 ut
1236 3353 1313 3435 pede
1334 3359 1446 3432 tempus

411 3466 513 3532 Veloci
534 3474 677 3547 properet
696 3485 744 3528 me
766 3466 891 3528 caedere
911 3465 1042 3539 vnlnere,
1063 3465 1156 3529 multu

360 3581 395 3638 tt
411 3577 571 3658 deperiere
592 3575 715 3650 bomini,
739 3575 787 3638 eui
808 3594 894 3638 mens
912 3575 974 3655 jam
996 3575 1096 3638 deficit
1116 3593 1219 3656 aequa.

413 3687 512 3761 Quare
533 3687 560 3748 si
582 3703 710 3760 caveam,
732 3685 809 3748 bene
831 3685 898 3760 erit,
920 3692 971 3757 ne,
989 3685 1086 3766 patria
1106 3684 1253 3764 adempta,

411 3797 498 3871 Quod
520 3795 595 3857 mihi
615 3796 683 3877 plus
705 3813 806 3858 aarum
827 3803 883 3869 est,
905 3794 978 3856 alias
1001 3813 1066 3858 mea
1088 3795 1218 3856 earmina
1239 3802 1362 3874 propter

409 3907 548 3970 Amittam
569 3906 668 3968 sedes.
711 3906 792 3968 Luea
812 3923 868 3985 per
889 3905 955 3968 sine
975 3905 1035 3966 fine
1057 3903 1194 3977 delenda,

408 4016 468 4077 Per
487 4022 629 4089 mentem,
652 4015 736 4095 enjus
753 4015 887 4096 jueundu
909 4034 927 4076 a
947 4013 1076 4078 culmine
1096 4014 1187 4076 Dirae

344 4129 394 4184 ltu
408 4124 533 4190 Lumina
555 4125 679 4206 ptdabra
698 4143 784 4187 meae
804 4144 852 4186 me
874 4123 1031 4198 deduxere,
1054 4142 1109 4204 per
1130 4131 1210 4186 astra

409 4234 452 4296 Ex
473 4235 540 4296 luee
560 4235 593 4298 in
612 4235 709 4298 lucem
731 4234 832 4309 didiei,
855 4253 942 4314 quae,
962 4253 1033 4296 vera
1053 4233 1166 4296 reterre
1242 4223 1251 4246 ’

322 4343 326 4352 ’
410 4343 484 4405 Cum
506 4344 562 4406 sim
585 4363 684 4419 ausus,
706 4343 808 4408 multis
830 4345 941 4406 tuerint
961 4343 1023 4406 aeri
1045 4361 1133 4424 aspra
1154 4359 1272 4424 sapere.

411 4452 497 4526 Quod
520 4453 546 4515 si
568 4453 746 4518 subtimidus
767 4452 830 4517 rari
851 4453 1020 4536 deprendar
1040 4452 1164 4528 amicus,
