3282 5404
343 483 406 546 tlt
789 483 925 554 erasures
942 481 1030 534 0000.

408 703 451 764 Ne
474 701 547 764 cela.
571 733 611 744 -
632 699 730 762 llelnti
750 699 846 779 glacie
869 706 1008 763 cenereta
1030 717 1174 780 vaporum

409 811 501 893 Copia
523 831 579 892 per
599 819 734 872 nostrum
757 809 906 872 delabitur
927 815 1006 883 aera,
1029 809 1123 872 solem

409 923 571 1000 Cornigera
591 929 732 1000 tangente
754 938 861 999 caprea
885 918 930 980 sic
951 920 1071 982 aethera
1091 919 1152 981 ridi

359 1039 393 1093 00
408 1035 544 1112 Desuper
566 1029 666 1093 ornari
688 1039 782 1093 tetram
805 1037 834 1091 et
857 1029 941 1109 quasi
961 1027 1071 1091 vellera
1092 1027 1193 1090 lucum

410 1144 457 1206 lre
479 1139 722 1221 triumphantum,
745 1159 820 1220 quae
842 1157 959 1200 mecum
981 1138 1103 1200 sedibus
1125 1137 1185 1200 illis

410 1252 602 1316 staturam.
646 1248 722 1312 latae
745 1249 832 1312 00010
855 1255 993 1311 servante
1016 1247 1172 1328 sequebar,

410 1363 508 1443 Atque
530 1367 650 1423 secutus
673 1377 753 1422 eram
775 1359 840 1438 ripa
861 1365 949 1419 tenus
972 1357 1128 1432 intervalli,

413 1471 500 1546 Quod
523 1469 654 1532 medium
676 1477 731 1542 est,
755 1469 851 1530 denae
873 1467 1013 1529 distantia
1036 1485 1095 1529 000
1118 1466 1201 1530 dedit
1221 1467 1308 1530 ultra.

360 1599 394 1654 aa
455 1581 554 1655 Quare
575 1579 627 1641 ubi
649 1586 791 1658 suspectu
812 1595 860 1638 me
881 1575 955 1638 vidit
976 1575 1049 1639 Diva
1071 1577 1210 1649 salutum,

412 1691 514 1772 Dejiee
535 1707 616 1752 nune
638 1688 753 1761 ocules,
775 1687 849 1748 mihi
871 1686 955 1760 dixit,
978 1695 1007 1748 et
1030 1687 1161 1766 adspice,
1185 1705 1244 1768 qua
1266 1697 1296 1750 te

412 1801 549 1865 Invenies
570 1817 699 1862 versum.
720 1831 763 1844 -
785 1797 850 1871 Qua
871 1797 999 1876 primum
1023 1816 1058 1858 ex
1079 1798 1223 1878 temperis
1244 1799 1317 1860 bora

411 1911 551 1993 Despexi,
572 1909 633 1971 vidi
655 1927 703 1970 me
725 1905 913 1988 percurrisse
934 1905 1136 1986 quadrantem,

413 2022 509 2096 Quem
531 2020 618 2101 plaga
640 2018 736 2098 prima
758 2018 829 2082 iacit
849 2017 980 2078 medium
1001 2024 1189 2094 transgressa
1212 2017 1270 2079 diei

363 2143 396 2196 7⁰
413 2133 584 2194 Extremum
608 2129 644 2191 ad
666 2129 765 2189 finem.
811 2127 910 2200 Quare
931 2123 1004 2186 mibi
1027 2144 1151 2189 eernere
1172 2135 1286 2189 aratum

415 2240 510 2304 Stulte
534 2248 615 2302 treas
637 2238 735 2300 Gades
757 2237 854 2299 luerat
874 2236 964 2298 maris
987 2253 1100 2316 aequor
1120 2227 1213 2317 Ulpxi,

414 2353 453 2414 Et
474 2351 547 2412 eitra
569 2349 694 2430 propius
716 2347 807 2428 ripas,
831 2345 881 2407 ubi
903 2347 1005 2423 Agene
1060 2354 1129 2407 nata
1179 2341 1183 2347 '

414 2462 506 2523 110100
529 2461 612 2521 stetit
633 2457 760 2540 pandus.
803 2455 875 2518 Plus
898 2463 927 2516 et
948 2364 1096 2536 panffiset
1115 2455 1210 2535 aperti

415 2570 522 2632 Areela
545 2588 580 2631 er
602 2567 670 2642 ista,
693 2568 746 2630 sed
769 2565 815 2628 sel
837 2574 1027 2646 precesserat
1048 2565 1135 2639 ultra,

366 2680 399 2736 75
416 2679 478 2742 Sub
501 2677 629 2758 pedibus
650 2677 773 2751 nestris,
796 2675 865 2756 plus
888 2695 977 2756 quam
998 2693 1088 2738 unum
1111 2675 1230 2738 tramite
1252 2676 1377 2755 signum.

461 2787 544 2858 Quae
566 2805 635 2848 sese
656 2785 786 2848 oblectat
808 2803 927 2865 semper
947 2803 1034 2848 mens
1055 2786 1169 2866 percita
1190 2803 1292 2848 amere

418 2899 490 2961 Cum
512 2896 646 2969 llemina,
670 2895 766 2973 magis
787 2903 877 2975 atque
897 2895 992 2974 magis
1014 2903 1085 2956 tuue
1106 2913 1210 2957 rursus
1232 2896 1270 2959 ad
1292 2895 1370 2958 illam

416 3007 548 3070 Ardebat
568 3023 709 3068 revocare
731 3006 851 3069 oeulos:
874 3023 910 3068 ae
932 3006 959 3066 01
981 3006 1084 3067 aderat
1106 3024 1211 3068 amnes

417 3119 473 3181 Ars
496 3117 584 3179 simul
606 3124 636 3177 et
657 3125 763 3178 natura
784 3135 879 3188 escas,
903 3133 978 3195 quae
1000 3114 1112 3177 lumina
1135 3123 1262 3197 captant,
1308 3139 1310 3149 ·

367 3229 452 3290 0010
476 3246 565 3289 earne
586 3226 715 3288 humana
737 3224 877 3305 pictaque
899 3224 930 3286 in
952 3225 1081 3303 imagine
1103 3226 1202 3290 earnis

342 3367 345 3374 ·
420 3338 566 3416 capturae
587 3343 713 3409 mentes,
738 3325 838 3396 divina
860 3335 896 3396 ad
919 3335 1034 3412 gaudia,
1056 3336 1170 3398 nostris

420 3449 502 3522 Quae
525 3446 665 3508 effulsere
687 3445 782 3506 000110
803 3443 915 3506 0010001
937 3444 1114 3506 mirantibus
1135 3445 1218 3508 illum

418 3557 586 3630 Rideutem,
610 3573 669 3616 000
690 3574 794 3617 amnes
812 3555 933 3636 junctas
954 3553 1030 3616 nihil
1052 3572 1121 3618 esse
1142 3556 1260 3618 faterer.

421 3667 563 3746 Quaeque
585 3665 659 3726 mibi
680 3665 774 3728 virtus
796 3665 951 3726 erularum
973 3665 1138 3727 indulserat
1159 3684 1256 3740 usum,

369 3781 402 3834 80
420 3776 549 3838 Pulchro
570 3796 619 3838 me
641 3776 713 3837 nida
736 3775 835 3838 Ledae
857 3774 985 3848 divulsit,
1008 3783 1038 3836 et
1058 3775 1139 3838 illam

420 3884 541 3966 Impulit
561 3887 592 3948 iu
615 3885 781 3965 sphaeram,
806 3903 881 3964 quae
902 3884 1091 3946 velocissima
1113 3885 1215 3948 lemur.
1336 3901 1343 3914 ·

421 3995 543 4074 Singula
564 4014 635 4075 pars
656 3995 745 4074 hujus
768 4012 854 4074 quam
876 3995 1073 4070 vivacissima,
1096 4005 1126 4057 et
1147 3995 1205 4058 alta

422 4105 575 4178 Convenit,
597 4113 627 4166 et
649 4104 740 4167 simili
762 4116 833 4165 suat
853 4112 958 4166 cauma
979 4105 1021 4166 ita
1041 4105 1175 4186 praedita
1196 4105 1301 4180 iorma,

421 4214 468 4288 Ut,
491 4232 579 4294 quam
601 4216 666 4277 Dux
687 4214 768 4294 legit¹
792 4215 911 4277 nonsit
931 4215 1006 4276 mibi
1028 4213 1128 4278 dicere
1150 4216 1262 4278 sedem.
1350 4249 1355 4261 ι

371 4335 405 4387 00
464 4324 502 4384 At
524 4323 705 4388 desiderium
728 4343 803 4404 quae
824 4333 947 4386 uenerat
968 4324 1020 4388 1110
1040 4326 1175 4400 tacentis,

421 4432 535 4495 Ridens
557 4441 616 4495 tam
637 4435 716 4498 laete
737 4443 809 4497 tune
830 4433 931 4514 eoepit
952 4434 1043 4498 farier
1065 4455 1126 4507 ere,
