3236 5394
343 561 385 626 02
769 561 963 614 1000000000
980 563 1037 612 rvr.

1128 655 1500 666 -οι--ιι-ιη--ι-ι-ο-μ

405 783 455 845 Sic
477 801 606 862 genuere
628 793 690 856 tua,
715 790 747 844 ut
764 782 828 862 jam
848 781 944 843 tristia
967 791 1100 862 tempora
1122 781 1233 862 plores.

353 904 386 956 7⁰
445 893 527 954 Haec
547 909 603 971 ego
625 892 742 955 sublate
765 891 888 954 clamavi
911 891 1047 954 turbidus
1069 910 1136 953 cre:

404 1003 552 1082 Tresque,
575 1002 623 1063 his
644 1001 771 1076 auditis,
793 1000 916 1064 umbrae
937 1009 1052 1064 vertere
1072 1001 1206 1064 vicissim

403 1112 529 1174 Lumina
552 1111 583 1172 iu
604 1111 726 1176 alterium
748 1111 875 1186 uultum,
897 1111 1002 1192 utqui
1024 1129 1093 1172 rara
1114 1119 1244 1172 tuentur.
1353 1193 1355 1198 ,

404 1221 436 1284 Si
459 1221 515 1283 luit
535 1240 665 1302 unquam
688 1221 762 1284 alias
783 1221 839 1283 tibi
860 1221 1044 1302 respondere
1065 1221 1190 1284 facultas

404 1331 533 1393 Tantillo
555 1339 714 1404 constans,
737 1339 856 1412 tamque
879 1343 947 1412 apta
969 1331 1087 1411 explere
1110 1339 1273 1410 rogantem,
1302 1355 1305 1364 ¹

353 1439 429 1501 700
453 1452 481 1503 te
505 1441 638 1516 felicem,
662 1441 708 1502 cui
731 1459 817 1504 mens
840 1459 875 1503 ea
895 1441 986 1504 verba
1007 1439 1172 1503 ministrat!

404 1550 502 1624 Quare
524 1551 551 1612 si
573 1550 628 1612 has
649 1551 741 1614 valles
763 1551 818 1612 libi
840 1552 886 1612 las
908 1551 1033 1612 eradere
1055 1550 1164 1629 nigras,

403 1659 506 1740 Sitque
528 1660 582 1724 tibi
604 1680 707 1723 rursus
726 1661 874 1742 jucundas
897 1679 1018 1724 cernere
1040 1659 1157 1722 stellas:

401 1769 466 1831 lllic
488 1770 553 1850 ipse
575 1770 632 1844 lui,
655 1789 744 1852 00000
766 1779 795 1832 te
816 1770 928 1833 dixisse
946 1769 1075 1852 juvabit!

401 1879 474 1953 Fac,
498 1888 599 1941 nostra
621 1887 654 1942 ut
675 1899 824 1942 memores
844 1881 953 1942 virenti
975 1880 1095 1942 nomina
1117 1879 1213 1959 vulgo.

352 1995 385 2048 80
444 1989 519 2052 Dein
541 2008 649 2070 rupere
670 1999 781 2064 rotam,
804 1992 975 2072 alarumque
998 1990 1091 2053 luisse
1112 1998 1251 2070 putasses

403 2099 569 2179 Remigium
590 2100 717 2180 plantas.
762 2101 858 2174 Quam
879 2099 1046 2180 prosiluere
1069 2101 1198 2179 fugaces,

403 2210 468 2273 Non
490 2228 577 2272 amen
599 2198 687 2273 citius
709 2211 858 2292 potuisset
878 2210 978 2274 dicere
999 2210 1171 2291 quisquam:

403 2321 476 2382 Tam
498 2320 612 2383 celeres
634 2320 721 2382 oculo
743 2339 776 2384 se
798 2320 964 2383 subduxere
986 2321 1140 2401 sequenti3

336 2417 341 2426 ’
403 2431 501 2505 Quare
523 2430 639 2492 doctori
661 2430 757 2492 visum
778 2439 826 2492 est
847 2431 1002 2492 discedere
1024 2437 1137 2492 nostro.

352 2546 385 2600 80
443 2541 526 2602 lbam
547 2548 616 2620 post
634 2540 747 2619 ipsum,
770 2540 856 2620 isque
877 2557 981 2620 panum
1003 2550 1192 2620 processerat
1214 2542 1290 2603 ultra

403 2651 528 2723 Gressu,
552 2669 618 2711 cum
640 2649 773 2712 insonuit
792 2650 839 2712 sic
860 2669 916 2711 nes
937 2663 1032 2730 prope
1054 2669 1157 2714 rumor
1178 2669 1329 2732 aquarum,
1371 2687 1376 2698 ·

402 2761 439 2821 Ut
460 2760 508 2820 vix
529 2760 588 2822 ulla
611 2771 692 2820 esset
711 2760 809 2822 lantes
830 2759 933 2821 audire
955 2767 1098 2840 potestas.

403 2869 526 2944 Qualis,
548 2869 607 2930 iter
627 2869 781 2950 proprium
805 2869 854 2948 qui
876 2869 1004 2950 primum
1027 2869 1152 2950 surripit
1172 2871 1270 2932 amm's

401 2978 566 3042 Prosiliens
588 2999 623 3041 ex
644 2997 718 3059 rupe
739 2979 823 3054 lesi,
846 2998 921 3059 quae
942 2979 1090 3060 prespicit
1111 2989 1209 3042 cruam

351 3101 384 3154 00
401 3090 443 3151 En
466 3108 523 3169 qua
544 3099 630 3169 parte
651 3089 728 3151 latus
750 3089 864 3151 laevum
887 3089 1015 3169 explicat
1035 3090 1218 3170 Apenninus,

402 3199 520 3279 Quique
541 3199 686 3280 appellari
708 3199 786 3261 solet
806 3199 890 3261 Unda
910 3199 1026 3279 quieta,
1048 3199 1223 3279 priusquam

402 3309 476 3372 Sese
498 3310 693 3391 praecipitem
714 3309 838 3371 landum
859 3308 995 3371 demittat
1015 3309 1047 3371 in
1068 3309 1170 3378 imum,

400 3421 496 3498 Atque
519 3420 584 3482 lere
606 3419 671 3482 Liri
694 3429 782 3481 senat
801 3438 909 3499 expers
930 3419 1061 3480 neminis
1082 3419 1180 3499 liujus,

400 3528 465 3590 lllic
487 3549 576 3610 supra
598 3531 703 3604 aedes,
727 3529 836 3610 quibus
856 3537 905 3591 est
925 3549 941 3592 a
963 3529 1084 3591 nomiae
1106 3528 1207 3591 Sancu'

350 3654 383 3707 95
400 3639 564 3700 Deductum
585 3657 694 3702 nemen
715 3639 885 3713 Benedicti,
906 3639 935 3700 ri
958 3637 1067 3702 incitus
1088 3640 1186 3701 amnis

401 3748 570 3829 Obstrepit,
593 3770 610 3810 e
629 3749 755 3828 scapulo
776 3767 905 3828 pronum
926 3749 1058 3812 naitanus
1081 3749 1112 3810 in
1134 3767 1247 3828 agrum,

401 3857 496 3931 Quem
514 3859 578 3940 jam
598 3858 680 3920 mille
700 3858 756 3920 viri
776 3859 957 3934 incolerent,
980 3861 1044 3922 lars
1066 3859 1093 3921 si
1116 3879 1174 3940 qna
1195 3859 1333 3922 tulisset:

400 3966 451 4028 Sic
472 3987 527 4029 nos
548 3968 682 4030 labentes
703 3977 881 4050 praeruptae
903 3990 940 4033 ex
960 3987 1066 4050 aggere
1087 3970 1171 4050 ripae

398 4075 532 4139 Vidimus
553 4054 631 4140 hanc
651 4087 733 4141 tante
755 4090 947 4142 resonantem
967 4096 1118 4142 mumiure
1140 4097 1301 4159 aquarum'

323 4173 383 4246 Ι100
397 4185 543 4248 Diluviem
564 4175 702 4262 tinctam,
726 4197 759 4250 nt
778 4207 847 4250 mcx
868 4189 956 4251 nabis
977 4190 1099 4252 laeserit
1120 4207 1216 4250 ames.
1306 4231 1310 4238 -

440 4295 532 4358 Funis
554 4305 618 4360 erat
639 4298 717 4362 circa
738 4299 857 4360 lumlres
878 4299 953 4360 milri
975 4300 1105 4372 cincus,
1129 4298 1238 4361 eliste

396 4404 495 4466 Rebar
514 4406 689 4485 pantheram
711 4427 820 4488 capere
842 4408 913 4470 clim
934 4409 1012 4490 pelle
1032 4409 1184 4472 00000000

398 4513 463 4577 lloc
482 4532 532 4576 me
553 4515 691 4592 dissolri,
711 4517 759 4580 sic
779 4517 983 4600 praecipiente
1003 4519 1156 4598 magistro,
1268 4505 1274 4518 '
