3234 5396
104 414 109 690 l
580 463 760 514 annuarum!
776 465 864 515 XXVII.

217 681 287 742 Viva
309 681 463 744 hominum
486 680 546 743 vidi
568 681 686 744 flamma
707 682 870 762 crepitante
893 685 1027 746 cremari.

259 793 405 854 Ductores
427 792 508 853 versi
528 810 576 854 me
597 809 758 872 respexere
780 792 918 872 henigne,

168 917 200 968 aa
218 901 430 980 Vraernrusque
452 901 564 980 inquit:
587 900 679 964 Dolor·
700 901 751 964 hic
772 902 902 964 fortasse
925 902 1060 976 subesse,

219 1011 243 1072 Ο
266 1011 319 1084 fili,
342 1019 440 1090 queat,
464 1018 575 1072 utnon
598 1011 720 1088 quidet
742 1011 958 1091 corporalem.

216 1122 250 1183 ld
272 1139 416 1192 memora,
438 1119 469 1180 id
490 1138 632 1180 memora.
675 1120 714 1182 Et
735 1121 761 1182 si
782 1128 812 1182 te
835 1121 946 1184 salvum
969 1122 1034 1200 ipsc
1056 1124 1159 1186 reduxi

219 1231 348 1292 Gnarum
370 1229 553 1309 impositum,
577 1230 662 1308 queis
683 1249 738 1309 pro
761 1237 790 1292 te
812 1229 924 1294 simbus
947 1240 1019 1304 utar,

216 1342 282 1402 Jam
304 1339 447 1420 propiore
468 1336 555 1400 lise?
576 1327 693 1400 Maneat
713 1339 766 1401 tibi
788 1348 887 1402 ments
908 1348 1028 1420 reposta

169 1460 201 1512 25
218 1449 299 1512 Haec
320 1468 382 1510 nun
402 1467 477 1511 vana
499 1448 584 1522 tides,
607 1448 707 1510 medie
729 1449 756 1510 si
776 1457 809 1512 tu
830 1449 908 1528 ignis
930 1450 961 1514 in
983 1451 1048 1514 alvo

218 1560 296 1620 Mille
318 1577 413 1620 annos
434 1557 543 1639 jaceas,
566 1557 646 1618 hunc
667 1575 728 1620 non
749 1557 804 1620 tibi
825 1577 916 1638 pesse
939 1559 1077 1639 capillum

218 1668 398 1749 Depraedari
419 1667 522 1729 ullum.
567 1666 654 1740 Quod
677 1668 703 1730 si
726 1675 758 1729 tu
779 1668 856 1728 torte
876 1668 995 1748 putabis

219 1780 264 1840 Me
287 1778 359 1840 dare
381 1777 468 1852 uerna
493 1776 556 1844 tihi,
580 1795 646 1839 mox
669 1785 698 1838 tc
720 1776 829 1857 objice,
852 1787 882 1839 et
903 1779 968 1858 ipsa
990 1779 1135 1858 periclum

218 1889 343 1951 Dextera
364 1896 447 1949 veste
469 1895 517 1950 tua
539 1886 639 1948 iaciat.
681 1883 747 1948 Jam
769 1905 847 1966 pene
869 1887 1015 1960 timorem,

170 2013 203 2067 an
219 2000 314 2077 Atque
336 2004 433 2060 metus
457 2015 576 2070 omnes3
599 1995 671 2058 ades
692 1996 760 2070 huc,
784 1997 918 2058 accedito
943 2006 1031 2060 tutus.

219 2133 223 2148 1
260 2107 315 2169 Ast
337 2123 393 2184 ego
415 2114 445 2168 et
466 2105 623 2168 obfirmare
645 2105 776 2168 animum
799 2114 887 2185 atque
909 2107 1049 2170 insistere
1073 2117 1177 2172 contra

219 2218 327 2280 Mentis
349 2215 506 2278 consitium
527 2214 642 2277 auctori
664 2233 770 2294 parere
789 2215 934 2296 jubentis.

220 2328 258 2390 Ut
277 2347 325 2390 me
347 2325 503 2408 proposito
525 2325 698 2387 haerentem
720 2333 809 2405 atque
832 2325 979 2388 obsistere
1001 2335 1116 2390 certum

219 2437 307 2512 Vidit,
331 2436 465 2499 turbatus
487 2435 624 2514 paulum:
646 2434 732 2497 Nunc
753 2435 883 2515 adspice,
905 2434 967 2511 ffli3
992 2434 999 2448 '

171 2564 203 2618 35
221 2547 322 2628 Teque
343 2547 575 2623 Basrarcauquc
597 2545 675 2606 inter
691 2545 754 2624 jam
775 2545 905 2624 ponitur,
927 2545 1033 2625 inquit,

101 2739 102 2744 ἵ
220 2657 275 2718 Hic
296 2655 408 2736 paries.
451 2654 546 2718 Veluti
568 2653 723 2724 clausurus
745 2654 857 2717 lumina
878 2663 982 2728 morte,

220 2765 264 2827 Ad
286 2783 396 2827 nomen
419 2764 546 2827 Thisbes
569 2783 603 2826 ea
625 2764 746 2826 sustulit
765 2783 878 2845 eraque
899 2766 1027 2832 amantis

220 2875 361 2955 Pyramus
384 2882 548 2936 erasmum
570 2873 713 2954 adspexit,
737 2891 805 2936 cum
825 2893 909 2938 mora
931 2883 1069 2938 cruentas

220 2985 383 3047 Induerant
405 2983 553 3055 maculas:¹
574 2983 629 3058 sic,
652 3002 729 3064 quae
750 2985 824 3048 mihi
845 2992 967 3065 pectora
988 2986 1117 3064 primum

171 3101 204 3154 tu
220 3095 394 3168 Dtuuerant,
417 3093 491 3155 milri
512 3102 575 3156 tum
596 3093 696 3156 subito
718 3093 876 3156 mitescere
898 3094 1000 3168 sensi3

220 3204 347 3267 Nomine
370 3211 400 3266 et
421 3204 531 3276 audito,
555 3203 635 3283 quud
656 3203 698 3264 mi
721 3221 816 3281 usque
837 3203 1004 3264 renascitur
1025 3204 1114 3278 intus,

221 3315 360 3387 Quaesivi
383 3313 490 3393 cupide
511 3313 674 3394 sapientem
697 3312 788 3374 corde
808 3310 996 3390 magistrum.v

188 3481 191 3488 .
261 3424 315 3486 llle
339 3434 428 3503 caput
449 3441 609 3503 quassans:
634 3422 712 3496 Quid
733 3417 845 3484 nobis?
865 3421 984 3498 Ergone
1006 3421 1143 3486 standum

219 3534 276 3595 Hic
299 3530 378 3594 erit?
399 3533 437 3594 Et
458 3540 527 3612 pest
548 3531 623 3594 haec
644 3531 719 3606 risit,
743 3531 822 3612 quod
844 3549 934 3610 saepe
954 3531 1055 3612 puello

170 3653 203 3708 45
220 3644 268 3704 Fit
290 3643 388 3714 balbo,
411 3640 494 3723 penti
517 3643 568 3722 qui
589 3642 684 3720 victus
706 3640 834 3720 imagine
857 3641 945 3702 cedit.

263 3753 358 3832 Inque
381 3753 464 3829 ignes
486 3752 601 3814 medies
622 3770 695 3833 prae
717 3769 821 3822 mese
842 3751 966 3822 immisit
987 3760 1016 3813 et
1038 3752 1135 3830 ipsum

223 3862 323 3926 Orarit
344 3862 485 3934 Srnrruu,
507 3861 621 3940 legeret
639 3860 763 3940 vestigia
783 3869 873 3932 retro,

223 3973 280 4045 Qui
300 3971 431 4051 primum
451 3971 541 4050 longo
564 3991 597 4034 se
619 3970 780 4034 abduxerat
800 3969 962 4032 intervallo.

264 4082 303 4144 Ut
323 4083 471 4143 flammam
493 4082 607 4153 intravi,
629 4099 678 4143 me
701 4081 782 4144 saltu
798 4081 830 4142 in
853 4090 955 4159 stagna
976 4080 1126 4144 dedissem

172 4205 205 4258 50
222 4191 374 4254 Ferventis
396 4193 472 4266 vitri,
495 4199 528 4253 ut
548 4191 622 4254 mihi
643 4190 775 4256 membra
797 4198 918 4270 perusta
939 4190 1084 4264 levarem;

214 4300 321 4388 „Usque
344 4301 419 4364 adeo
441 4302 506 4363 sine
528 4319 612 4362 more
633 4307 716 4362 atros
737 4321 772 4363 ea
792 4302 911 4362 flamma
932 4300 1057 4362 furebat.

221 4414 258 4472 At
278 4419 363 4490 pater
384 4410 435 4474 ille
454 4411 528 4474 mihi
549 4410 646 4475 duleis
665 4409 761 4474 lenire
782 4410 916 4472 dolorem

785 4515 1339 4628 ,ξφ-..24
