3214 5400
535 596 729 646 lucennaco!
746 597 839 646 XXXlV.

660 881 800 964 XXle·

244 1030 336 1092 Obvia
358 1031 491 1094 Tartarei
513 1033 593 1110 regis
614 1033 717 1096 vexilla
737 1034 955 1113 propinquant,

203 1140 301 1214 Quare
322 1141 443 1203 intende
465 1142 573 1215 aciem,
597 1143 669 1205 dirit
689 1151 881 1222 praeceptor,
903 1160 941 1204 an
963 1141 1012 1204 illa

200 1251 381 1330 Prospicias.
424 1251 520 1313 Veluti
543 1271 610 1314 eum
632 1253 726 1331 spirat
746 1252 864 1332 pinguis
887 1269 996 1330 opacae

201 1360 300 1436 Caligo
321 1360 465 1433 nebulae,
487 1370 539 1422 aut
558 1362 670 1424 nostris
692 1379 750 1424 nox
772 1362 892 1424 incubat
912 1362 1006 1439 agris:

167 1469 285 1531 aluno
306 1489 323 1530 e
345 1470 509 1549 longinqua
530 1486 598 1534 sum
619 1471 700 1532 risus
723 1489 846 1532 cernere
867 1471 986 1544 molem,

202 1579 273 1640 Orbi
294 1580 414 1658 pistrini
437 1581 580 1654 similem,
603 1593 691 1660 mem
713 1581 832 1642 flamine
853 1589 960 1642 ventus

199 1690 291 1750 Vertit
313 1708 403 1768 agens
427 1691 557 1752 circum:
577 1689 661 1764 dmn,
684 1709 733 1752 me
753 1690 976 1769 impellentibus
998 1691 1087 1763 auris,

199 1800 357 1861 Ductorem
380 1801 453 1862 traxi
476 1807 572 1874 rebat
594 1819 693 1879 nequa
715 1801 794 1861 enim
815 1799 875 1860 ulla
896 1799 1038 1862 latebram

199 1907 289 1970 Antra
311 1909 430 1971 dabant.
473 1909 536 1988 Ego
559 1927 640 1972 eram
663 1911 731 1984 (nec
749 1910 811 1990 jam
834 1909 1002 1971 formidinis
1024 1927 1130 1989 expers

153 2027 182 2077 10
200 2017 279 2080 Haeo
302 2018 387 2079 trado
409 2021 569 2098 numeris),
592 2019 644 2080 ubi
667 2019 784 2080 stabant
804 2018 936 2098 undique
959 2025 1037 2081 totae

201 2127 414 2190 circumtectae
436 2129 575 2203 umbrae,
594 2149 633 2192 oc
655 2129 734 2190 sicut
755 2130 869 2191 festuca
891 2130 995 2191 nitenti

200 2237 307 2300 Clausa
327 2238 418 2311 vitro,
442 2238 558 2300 illarum
580 2239 626 2300 sio
646 2239 847 2300 translucebat
867 2238 973 2316 imago.

241 2347 327 2408 Stant
348 2347 422 2409 aliae
443 2348 613 2427 multaeque
631 2349 747 2429 jacent,
769 2348 826 2410 bae
848 2348 878 2408 in
900 2348 1026 2419 vertice,
1048 2355 1077 2408 et
1099 2348 1167 2408 illae

199 2456 232 2516 ln
255 2457 382 2535 pedibus
404 2465 521 2533 rectae3
546 2458 583 2519 ad
605 2458 682 2520 talos
704 2459 866 2531 invertere,
889 2466 921 2519 ut
943 2475 1040 2530 arcus,

36 2603 40 2614 ·
152 2571 181 2626 15
198 2566 265 2628 Vidi
287 2567 360 2628 alias
380 2567 487 2629 vultus.
509 2599 551 2612 -
572 2567 628 2630 Ubi
651 2567 695 2629 sio
716 2568 919 2647 processimus
939 2567 1024 2640 ultra,
1046 2608 1049 2614 ·

198 2676 234 2737 Ut
256 2676 328 2738 mibi
350 2685 543 2751 monstraret,
567 2695 655 2758 quam
677 2677 798 2740 dextera
820 2697 933 2738 summa
956 2677 1081 2744 creatrix

197 2786 323 2848 Fecerat
343 2786 482 2848 eximimn
504 2788 599 2849 fomaa
622 2787 756 2866 facieque
777 2789 913 2860 micante,

198 2896 238 2958 Se
260 2897 334 2958 mibi
357 2895 496 2959 subduxit
517 2897 670 2970 submoto,
693 2917 727 2958 ae
750 2899 855 2960 sistere
874 2897 980 2978 jussit:

196 3006 273 3068 Eece
295 3007 349 3068 tibi
371 3008 439 3079 Drs,
463 3025 533 3069 ecee
556 3006 656 3080 locus,
679 3006 731 3068 ubi
752 3016 874 3086 pectore
896 3009 983 3068 firmo

146 3125 179 3177 bo
195 3116 290 3194 Atque
315 3117 421 3177 animis
444 3134 520 3195 opus
543 3125 603 3191 est,
627 3117 714 3178 fatus.
736 3148 777 3160 -
799 3117 846 3178 'fu
868 3117 1001 3196 conjice,
1022 3114 1125 3187 lector,

196 3224 292 3298 Quam
315 3235 387 3287 tunc
408 3226 579 3288 horruerint
599 3227 673 3288 mibi
694 3226 841 3299 membra,
865 3245 899 3287 ac
922 3224 1057 3286 faucibus
1078 3224 1205 3286 haerens

196 3336 258 3397 Vox
280 3336 403 3398 steterit.
446 3337 529 3398 blitto
550 3336 581 3397 id
602 3336 692 3398 modo
715 3335 861 3408 scribere,
884 3349 1011 3414 namque
1033 3332 1183 3412 loquentis

196 3446 310 3523 Lingua
333 3449 411 3507 foret
432 3446 552 3525 quaeris
573 3445 678 3526 impar.
723 3446 804 3508 Situs
825 3445 903 3506 inter
924 3445 1011 3506 inane

196 3555 355 3634 Sanguinis
378 3563 466 3634 atque
487 3557 602 3618 animae
625 3573 750 3635 corpus,
772 3555 927 3634 virumque
948 3553 1104 3614 manebam
1112 3546 1122 3613 ι’

143 3679 176 3731 25
194 3665 258 3726 lam
281 3673 379 3726 tecum
401 3672 520 3744 reputa,
543 3666 570 3727 si
592 3665 661 3745 quid
684 3665 737 3726 tibi
758 3665 865 3726 mentis
887 3672 989 3726 acuns
1012 3672 1065 3735 est,

197 3774 301 3848 Qualis
325 3793 405 3836 eram
426 3775 535 3849 saeue,
559 3775 694 3837 defectus
715 3793 840 3836 munere
861 3783 999 3853 utroque.

236 3885 362 3946 Pectore
384 3884 507 3946 dimidio
529 3885 613 3964 regul
633 3884 827 3965 irrduperator
847 3883 947 3945 acerbi

193 3992 334 4056 Exstabat
356 3993 466 4072 glaeie;
489 4002 576 4074 atque
598 3995 691 4072 magis
712 4013 779 4055 mea
801 3994 896 4054 forma
918 3992 1025 4071 giganti

194 4103 370 4177 Conveniat,
394 4105 508 4165 formae
530 4120 640 4182 corpus
663 4122 751 4183 quam
771 4102 899 4164 immane
922 4102 1070 4180 gigantum

140 4212 298 4275 solatius:
318 4213 381 4294 jam
403 4222 434 4275 tu
456 4214 523 4293 ipso
542 4214 610 4274 ride
632 4213 741 4286 mmo,
765 4220 872 4292 manta
893 4211 1022 4290 putanda

191 4323 236 4384 Sit
256 4323 352 4385 moles
375 4331 474 4385 tantae
493 4322 681 4403 respondens
703 4340 833 4400 congmm
853 4322 939 4401 parti.

190 4432 222 4494 Si
243 4441 303 4494 tam
325 4433 452 4513 pulcher
473 4441 551 4507 erat,
576 4445 663 4512 quam
686 4449 766 4493 nuno
788 4431 945 4505 deformis,
969 4439 998 4493 et
1019 4449 1109 4494 ausus

73 4620 78 4630 ’
188 4541 305 4604 Acriter
327 4561 379 4604 ore
402 4559 488 4604 suum
511 4551 558 4603 est
578 4549 730 4604 auctorem
752 4559 874 4618 surgere
898 4549 1009 4614 contra,

1155 4641 1172 4690 9
1179 4638 1194 4670 *
