3214 5400
579 508 760 560 Puncttomt
779 509 835 558 XVI.

205 725 260 798 iili,
284 744 373 806 quem
395 722 502 804 plicuit
522 725 634 787 nodum
656 724 817 798 iracundia,
842 728 968 790 solvunt.

248 835 392 909 Qtdsnam
412 841 455 907 tu,
479 843 614 896 nostrum
635 853 780 915 properas
804 837 855 915 qui
876 837 989 898 findere
1011 838 1134 913 turnum,

204 944 240 1007 Et
262 963 342 1006 nuno
363 943 453 1006 verba
476 945 550 1006 iacis
572 943 609 1006 de
632 944 719 1007 nobis
741 963 824 1006 more
845 945 1005 1026 modoque,

156 1051 187 1102 25
205 1055 353 1134 Tempora
375 1071 434 1133 quo
456 1061 593 1116 numerat
614 1053 770 1133 qnisquam
792 1054 905 1132 digesta
927 1073 982 1134 per
1003 1057 1120 1120 annosi

245 1163 326 1226 Haec
347 1183 404 1225 vox
426 1163 523 1225 audita
548 1171 603 1224 est.
647 1165 684 1225 nt
706 1163 779 1226 dux:
802 1164 880 1226 Huic
901 1164 979 1228 dicta
1000 1167 1130 1230 vicissim

136 1267 142 1290 ¹
203 1274 304 1336 Redde
327 1271 476 1352 simulque
498 1288 579 1350 roga,
603 1292 674 1334 num
696 1273 806 1335 isthinc
828 1274 866 1334 sit
888 1274 1032 1338 scandere
1054 1277 1084 1338 in
1112 1278 1213 1340 altum.

245 1384 269 1446 0
293 1384 402 1458 amma,
424 1383 495 1444 huie
516 1383 584 1456 dixi,
609 1401 684 1462 quae
706 1391 735 1444 te
757 1383 868 1446 hocin
891 1401 1010 1447 carcere
1033 1405 1151 1466 purges,

203 1493 330 1554 Pulchre
350 1500 384 1554 ut
405 1492 442 1554 ad
466 1500 617 1554 auctorem
640 1493 753 1564 redeas,
777 1494 803 1554 si
825 1511 873 1556 me
895 1494 960 1573 ipsa
983 1497 1139 1570 secundas,

154 1595 185 1648 ³⁰
202 1603 274 1664 Mira
298 1603 418 1682 quidem
441 1603 582 1682 accipies.
627 1601 731 1676 Quoad
755 1610 801 1664 est
823 1603 889 1664 data
913 1605 1008 1684 copia,
1030 1606 1112 1679 dixit,

202 1712 245 1776 Te
267 1731 378 1792 sequar
398 1720 437 1782 et,
461 1731 639 1792 quamquam
660 1712 740 1774 harad
763 1713 874 1791 patitur
894 1731 944 1774 ras
967 1733 1090 1778 cernere
1112 1706 1220 1788 sumas,

201 1823 287 1885 duris
309 1822 368 1900 erit
389 1821 471 1884 visus
495 1823 592 1884 instar
608 1822 790 1903 junctosque
813 1822 935 1885 tenebit.

243 1932 295 1994 Sic
317 1931 417 2011 coepi:
440 1931 492 1994 iiia
514 1950 597 2003 usus,
621 1949 708 2012 quam
731 1931 849 1994 solvunt
871 1934 983 2006 funera,
1006 1943 1088 1997 vesta

200 2042 357 2104 Adscendo
380 2049 467 2120 atque
489 2041 568 2103 inter
588 2042 716 2118 gemitus
740 2041 859 2120 elapsus
882 2043 989 2104 dverai

151 2161 183 2214 ta
199 2151 264 2212 Huc
285 2151 371 2225 veni3
394 2159 424 2212 et
445 2151 585 2230 quoniam
606 2159 665 2212 tam
687 2151 766 2230 large
788 2159 907 2214 aeterna
928 2159 1061 2231 potestas

198 2261 237 2323 tii
260 2262 345 2334 iavet,
368 2267 401 2322 ut
422 2259 514 2323 libeat
534 2261 684 2340 propriam
706 2281 754 2324 me
776 2261 931 2324 admittere
954 2262 990 2323 ad
1013 2262 1110 2326 auiam

198 2369 286 2432 Extra
310 2387 429 2433 omnem
451 2371 569 2450 penitus
592 2370 697 2447 legem,
722 2389 810 2453 quam
832 2372 947 2433 noverit
968 2389 1050 2445 usus,

198 2481 241 2541 Ne
265 2480 337 2553 cela,
360 2481 497 2559 quisnam
520 2481 622 2556 tueris,
645 2499 727 2542 mors
749 2489 812 2543 atra
834 2481 1008 2560 priusquam

198 2590 240 2652 Te
262 2609 392 2652 mersum
416 2589 586 2662 abstulerit3
608 2589 661 2652 sed
684 2592 794 2670 proter,
818 2609 889 2652 num
911 2590 987 2652 hene
1009 2608 1164 2671 pergam„

148 2707 182 2758 to
199 2702 265 2774 Quo
287 2701 413 2762 transire
436 2701 532 2762 datur.
577 2699 661 2773 Quae
683 2700 890 2781 respondebis,
913 2701 1030 2763 habebo

197 2812 257 2873 Pro
280 2810 415 2872 ducibus.
437 2843 480 2854 -
502 2810 586 2874 Tunc
608 2813 651 2875 is:
675 2811 789 2872 Genere
812 2819 841 2873 et
863 2812 1040 2890 cognomine
1063 2813 1148 2876 dicor

198 2921 318 2982 Minoes
342 2921 530 2982 Loantnaos.
573 2921 620 2983 Me
639 2921 714 3000 juvit
736 2922 852 2984 discere
874 2923 1025 2995 mundum,

198 3037 294 3112 Atque
316 3051 350 3092 ea
372 3030 533 3109 praecipuo
555 3049 603 3092 me
624 3030 718 3092 virtus
740 3032 832 3092 vinxit
852 3050 964 3101 amore,

197 3142 241 3203 td
264 3160 354 3218 quam
376 3140 504 3220 quisquc
526 3139 572 3201 sni
591 3139 653 3220 jam
675 3141 734 3202 tert
754 3141 921 3202 lentescere
943 3141 1036 3203 robur

148 3260 180 3313 te
197 3252 302 3314 Arcus.
345 3251 471 3323 iiirecte,
494 3269 553 3329 quo
577 3249 626 3312 dat
647 3248 693 3310 via
716 3249 869 3319 scandere,
892 3251 1002 3328 pergis.

199 3361 250 3422 Sic
272 3360 322 3422 iile
344 3367 431 3440 atquc
454 3360 551 3422 addit:
574 3360 722 3438 Supemm
744 3358 770 3420 si
793 3359 912 3436 quando
934 3359 1036 3421 iicebit

198 3471 311 3535 intrare
334 3469 370 3531 ad
394 3469 492 3541 sedes,
515 3488 570 3549 pro
593 3487 640 3533 ine
663 3485 780 3547 quoque
804 3485 912 3530 numen
935 3469 1052 3530 adorea.

239 3581 335 3660 Atque
357 3597 427 3658 ego:
450 3580 484 3644 ln
506 3579 554 3642 his
576 3579 628 3641 tihi
652 3586 753 3640 nostra
775 3577 851 3640 fides
874 3577 1016 3640 obstricta
1038 3579 1178 3651 manebit,

196 3691 235 3752 Et
256 3689 337 3769 quod
358 3689 475 3769 poscis,
499 3689 571 3761 crit;
593 3707 695 3750 verum
717 3689 746 3749 in
769 3688 917 3750 contraria
939 3691 1009 3749 euri

148 3804 181 3856 co
197 3801 340 3879 Rumpor,
364 3819 439 3879 quae
461 3797 538 3860 maie
560 3798 651 3860 habet
672 3796 803 3871 dubium,
827 3798 858 3858 ni
878 3805 1001 3877 pectore
1024 3797 1145 3860 solvam.

197 3910 278 3972 Haec
300 3910 396 3971 suerat
415 3909 553 3988 simplex,
576 3916 625 3972 tua
647 3927 726 3970 nunc
748 3908 893 3970 sententia
916 3907 1035 3986 duplam

196 4020 287 4092 Fecit,
311 4035 387 4098 quae
409 4019 547 4081 obfirmat
567 4027 705 4091 mentem,
726 4017 788 4098 jam
811 4015 933 4078 credere
956 4025 1067 4080 certam

197 4129 253 4192 Hic
275 4129 373 4192 audita
394 4129 467 4190 mihi
489 4137 577 4207 atque
599 4127 679 4200 aiibi,
703 4135 774 4188 tanc
795 4145 863 4188 cum
884 4134 1009 4206 utraque
1029 4144 1145 4190 meeum

196 4240 361 4320 Compono.
405 4239 489 4301 Anna
511 4238 600 4316 igitur
622 4237 665 4299 sic
687 4237 779 4300 virtus
802 4235 899 4298 enadad
921 4236 1018 4298 omnis

145 4367 177 4418 55
195 4349 219 4411 t
239 4350 361 4416 mundo,
383 4356 418 4410 ut
438 4344 565 4412 narras?
587 4348 638 4410 Sic
658 4347 739 4408 foeta
761 4345 948 4424 obductaque
969 4353 1048 4408 terra
1069 4355 1116 4409 est

194 4454 356 4540 Nequitia?
378 4458 440 4532 Ast,
463 4478 527 4532 oro,
551 4458 596 4520 sic
617 4457 653 4518 da
675 4456 747 4518 mihi
769 4473 895 4518 noscere
917 4475 1063 4538 caussam,
1142 4529 1146 4540 ⁸
