3282 5404
266 451 271 561 i
322 503 383 568 ³98
757 501 891 554 remorsu
909 501 1011 554 mett.
1511 450 1515 548 Ι

281 601 555 611 ..u—...ffl--a
1080 597 1470 610 --ιη--η--η--κ--μ--σ-

1321 663 1323 670 v

1511 553 1515 594 t

386 722 510 798 Intenta,
533 721 625 802 inqua
646 741 702 786 suo
724 720 829 786 obtutu
849 720 946 800 magis
967 738 1062 800 usque
1084 720 1236 800 flagrabat.
1510 597 1515 766 Ι

336 838 371 892 tto
386 833 477 896 istam
499 832 550 913 qui
573 831 721 914 adspiciat
739 833 848 906 lucem,
867 831 902 894 fit
922 830 1000 905 talis,
1023 838 1057 893 ut
1077 829 1149 892 iude
1509 767 1513 986 ι

385 943 540 1006 lleolinere
561 941 682 1006 oculum
703 949 792 1022 etque
814 941 873 1004 alio
896 940 1043 1006 divertere
1065 955 1217 1020 nunquam
1509 991 1512 1024 ,

386 1052 462 1116 llere
484 1059 640 1118 contentus
661 1051 775 1134 possit,
796 1069 868 1116 nam
888 1051 996 1132 cuique
1017 1049 1164 1131 voluptas,
1466 1110 1468 1116 ,
1509 1025 1513 1222 p

385 1163 463 1226 lleta
484 1161 647 1237 voluntati,¹
659 1168 723 1224 tota
743 1162 803 1224 huo
824 1161 977 1224 concurrit
997 1169 1029 1223 et
1049 1168 1130 1222 extra

385 1271 479 1345 llaec,
503 1289 697 1352 quaecunque
717 1270 788 1334 alibi
809 1278 880 1334 sunt
902 1269 1023 1350 optimo,
1046 1287 1150 1332 manca
1171 1267 1336 1332 labascunt.
1509 1226 1513 1382 ἰ

336 1395 370 1450 aa
428 1383 540 1445 Parcus
561 1381 600 1444 ad
621 1381 710 1456 haec,
732 1399 808 1462 quae
831 1397 1050 1453 commemoro,
1068 1379 1131 1460 jam
1151 1378 1240 1442 verbe
1262 1379 1450 1458 profundam,
1509 1389 1513 1457 t

386 1491 424 1554 Ut
446 1492 496 1572 qui
517 1491 620 1554 mattis
642 1491 738 1554 adhuc
758 1491 911 1554 humectat
931 1489 969 1552 ad
990 1487 1082 1552 ubere
1105 1488 1246 1567 linguam.
1509 1466 1512 1476 ²

385 1603 452 1666 Non
474 1601 543 1684 quia
566 1608 715 1662 constaret
735 1599 803 1686 plus
824 1597 963 1680 simplice
984 1598 1113 1676 imagine
1134 1598 1240 1672 vivum,

386 1710 473 1785 Quod
496 1710 713 1792 suspectabam,
735 1708 852 1786 iumen3
875 1727 943 1772 nant
964 1718 1083 1790 tempus
1105 1708 1137 1772 iu
1158 1727 1247 1772 omne

386 1823 512 1901 Semper
533 1819 613 1882 idem
634 1828 689 1895 est,
712 1820 792 1900 quod
815 1825 896 1894 eret3
919 1819 972 1882 sed
990 1819 1072 1881 visus
1092 1825 1217 1899 propter
1238 1833 1372 1893 acumen,

320 1942 370 1996 ltu
385 1930 482 2012 llajor
501 1929 539 1992 sb
561 1929 671 1992 intuitu
691 1928 741 1992 cui
760 1929 806 1992 ris
826 1927 973 2000 veniebat,
994 1927 1092 2007 imago

386 2040 460 2114 llna,
482 2039 555 2104 mihi
577 2047 693 2103 tantum
712 2045 835 2112 mutate,
858 2045 905 2100 cst
924 2037 988 2100 siaa
1010 2036 1161 2100 uberem.

386 2151 482 2232 liujus
504 2149 536 2212 in
557 2149 676 2214 excelso
697 2149 801 2231 puncti
823 2146 963 2228 claroque
988 2145 1088 2210 nitore

386 2259 462 2324 Tres
484 2259 574 2324 orbes
593 2259 746 2342 triplicem
765 2259 931 2322 relerentes
951 2256 1019 2320 luco
1041 2256 1173 2320 colorem

387 2371 517 2434 Cernere
538 2389 605 2434 sum
624 2370 706 2432 risus
727 2367 937 2450 triplicemque
956 2367 1038 2430 hunc
1058 2365 1170 2428 ambitu
1191 2365 1223 2427 in
1245 2374 1336 2428 unm

320 2485 370 2542 lna
385 2481 467 2544 Unus
490 2480 528 2544 de
549 2479 671 2544 alterius
692 2479 853 2542 dissultans
873 2476 986 2542 lumine
1007 2476 1109 2538 lumen

387 2590 474 2653 Visus
496 2598 569 2665 erat,
590 2589 683 2653 veluti
703 2589 761 2652 lris
783 2589 821 2652 da
840 2587 938 2662 lrida;
958 2586 1065 2650 tertius
1087 2585 1166 2666 ignis

385 2701 463 2764 ilinc
484 2707 573 2781 atque
593 2699 665 2762 hinc
686 2717 781 2780 aeque
802 2699 931 2762 efflatus,
975 2696 1070 2772 Quam
1093 2703 1217 2775 augtsta
1236 2693 1355 2775 loquela

385 2808 467 2872 llaec
488 2826 553 2871 mea
574 2808 736 2888 inepteque
756 2808 795 2870 iis
817 2816 871 2883 est,
895 2825 971 2888 quae
991 2825 1078 2870 meus
1100 2805 1232 2886 concipit
1251 2803 1344 2867 intus!

386 2921 483 3001 Atque
504 2917 580 2980 haec
600 2917 714 2980 tantula
735 2925 817 2990 sunt,
839 2918 877 2980 ed
899 2935 975 2997 quae
996 2916 1047 2980 illo
1070 2923 1206 2996 tempore
1227 2914 1294 2988 vidi,

322 3039 371 3092 lto
387 3029 425 3092 llt
444 3045 507 3092 non
528 3027 680 3090 sufficiant
700 3027 821 3090 conanti
841 3041 936 3106 penca
956 3027 1079 3090 reterre.

430 3140 465 3214 0,
490 3157 565 3220 quae
587 3138 652 3202 sola
672 3156 765 3218 super
785 3145 815 3200 te
837 3137 922 3210 sidis,
943 3135 1044 3199 lucida
1064 3137 1182 3198 llamma

384 3251 524 3324 Aeterna,
545 3257 673 3330 atquae
693 3257 724 3311 te
744 3247 841 3312 solam
860 3266 920 3310 una
942 3246 1091 3325 intelligis,
1114 3265 1132 3308 a
1154 3254 1182 3308 te

384 3360 424 3424 et
443 3366 586 3440 percepta
606 3367 637 3420 et
655 3357 828 3442 percipiens
849 3363 890 3432 te,
911 3356 984 3420 hedo
1004 3375 1102 3420 annue
1122 3371 1223 3419 turae.

384 3466 439 3532 Ille
460 3468 543 3530 orbis
564 3468 655 3544 usus,
677 3477 707 3532 te
728 3468 828 3550 ipsum
849 3474 1019 3547 generante,
1041 3467 1154 3529 moveri

383 3907 518 3989 Namque
540 3926 595 3987 ego
616 3907 786 3990 pendebam
806 3915 894 3972 tome
908 3909 1022 3972 defixus
1043 3907 1076 3969 in
1091 3905 1188 3968 illum.

383 4019 466 4080 llere
488 4026 666 4098 geometrae,
689 4019 740 4099 quui
761 4026 842 4082 totus
862 4017 999 4080 inhaeret
1019 4017 1052 4080 in
1073 4035 1132 4080 una

319 4143 368 4196 luo
384 4128 635 4192 direlitmensura
654 4127 794 4203 intentus,
816 4147 914 4209 neque
936 4126 1030 4190 multa
1050 4124 1182 4188 moventi

382 4237 537 4301 Iuvenisse
556 4238 622 4313 fuit,
645 4239 726 4320 quod
745 4238 874 4320 primam
894 4237 1027 4318 postulat
1045 4255 1138 4310 usum

382 4347 560 4410 Restiteram
581 4349 662 4412 illius
682 4356 779 4412 taceas
801 4347 931 4410 novitate
949 4349 1077 4427 figurae:

1506 1959 1511 2008 t

1508 2559 1512 2612 Ι

319 3589 368 3644 tlt
384 3579 467 3642 llere
487 3578 659 3659 repercussi
680 3577 860 3658 splendoris,
881 3577 940 3638 lixa
960 3583 1094 3640 moratus

383 3687 511 3752 Lumina
530 3697 632 3752 noema
653 3689 714 3762 diu,
735 3688 785 3752 ille
806 3687 887 3750 idem
907 3687 988 3750 intus
1010 3686 1140 3765 imagine
1159 3684 1257 3766 pictus

383 3798 492 3860 Nostra
514 3808 585 3874 erat,
607 3797 684 3862 lianc
704 3799 829 3878 proprio
850 3797 948 3879 ipsius
968 3803 1153 3860 monstrante
1175 3796 1291 3858 colore:

384 4456 461 4520 Cura
482 4467 545 4522 erat
563 4459 723 4544 inspicere,
744 4478 766 4523 u
799 4457 891 4524 circlo
913 4457 1056 4524 convenit
1073 4457 1180 4536 imago,
1428 3578 1516 4665 }
