3214 5400
323 488 383 552 tos
769 491 949 544 roacaroan
968 493 1006 544 rr.

273 577 346 588 -ιι-

322 721 370 776 llo
388 707 467 782 Illic,
491 710 566 772 baec
588 727 686 772 narra.
731 711 883 773 Cnossos
906 711 1059 785 nominor,
1082 719 1164 774 ortus

388 819 488 900 Stirpe
509 819 696 895 blacasrraa3
719 838 779 882 non
797 819 859 900 jam
881 827 965 883 vetos
988 821 1053 892 ille,
1076 823 1129 884 sed
1152 823 1220 903 ipso

387 927 430 990 Ex
452 945 576 1008 genere,
599 936 687 1009 atque
709 947 794 991 meos
815 928 866 990 illo
888 929 1043 994 devinctus
1064 949 1166 994 amore

390 1039 478 1112 Feri,
501 1057 591 1118 quern
609 1037 719 1119 jubeor
739 1057 838 1120 poena
859 1039 909 1101 hic
930 1048 1035 1102 urente
1056 1041 1150 1120 piare.

430 1147 492 1221 oh,
516 1147 595 1220 dixi,
617 1155 730 1210 vestras
753 1167 904 1228 nunquam
926 1149 999 1212 mibi
1021 1159 1140 1228 tangere
1162 1157 1258 1214 terras

321 1269 369 1324 115
388 1257 534 1336 Conligit:
558 1264 586 1320 at
609 1275 753 1336 quaenam
775 1258 913 1338 Europae
935 1271 981 1320 est
1004 1275 1077 1337 gens
1099 1259 1203 1322 dissita
1225 1263 1328 1323 vestri·

386 1367 508 1440 Nescia,
532 1385 609 1448 quos
632 1367 760 1430 clamant
780 1385 938 1446 proceres,
961 1368 1067 1432 vicinia
1089 1369 1195 1432 clamat

387 1476 461 1540 Cum
482 1476 605 1557 plausu,
627 1484 661 1538 ut
682 1476 769 1549 norit,
793 1477 844 1557 qui
867 1495 1018 1557 nunquam
1040 1479 1098 1540 boc
1120 1477 1202 1540 littus
1224 1479 1337 1542 adivit?

386 1585 481 1666 Atque
504 1604 575 1666 ego,
598 1585 625 1646 si
645 1585 734 1648 liceat
756 1605 880 1666 superas
902 1587 1026 1650 eradere
1047 1588 1084 1650 ad
1106 1606 1203 1662 auras,

386 1694 523 1758 Vestrum
545 1671 658 1758 illustre
681 1713 776 1774 genus
798 1715 858 1758 non
881 1695 1062 1760 dedecorare
1084 1698 1201 1776 priores

321 1815 369 1868 120
385 1805 474 1876 turc,
498 1823 551 1866 seu
572 1804 719 1878 loculum,
742 1823 795 1868 seu
818 1823 867 1868 res
889 1806 1056 1886 expostulet
1078 1825 1191 1870 ensem.

385 1915 496 1978 Nebna
519 1923 611 1995 atque
632 1933 704 1978 usus
726 1916 771 1976 sic
793 1915 862 1978 dant
884 1915 1030 1978 excellere
1051 1917 1141 1994 genti,

386 2025 439 2100 Ut,
462 2025 595 2105 quamvis
617 2033 693 2088 torte
715 2025 844 2088 mundus
867 2026 981 2089 cervice
1003 2027 1124 2088 recedet

385 2137 567 2206 perversus,
590 2142 688 2198 tnrnen
710 2135 784 2198 baec
806 2154 865 2200 una
887 2143 949 2209 est,
973 2153 1049 2216 quae
1070 2135 1187 2200 tramite
1209 2145 1293 2198 recto

386 2244 501 2308 Incedit
522 2245 654 2318 florens,
677 2244 733 2308 iter
755 2245 905 2324 indignata
927 2245 1097 2324 malignum.

321 2355 399 2422 1251
423 2374 517 2429 nunc,
540 2372 610 2416 nam
632 2354 695 2415 rice
717 2363 840 2434 septena
862 2353 940 2418 baud
964 2373 997 2418 se
1020 2354 1158 2416 ereverit
1177 2373 1268 2417 aureo

388 2465 439 2530 Sol
463 2465 569 2527 iterum
590 2463 685 2536 lecto,
707 2464 834 2544 pedibus
857 2483 945 2545 quem
967 2464 1096 2544 portitor
1117 2464 1217 2526 Helles

386 2575 439 2638 llis
461 2574 586 2654 geminis
608 2573 682 2650 tegit
703 2573 854 2648 insidens,
878 2593 945 2636 curn
968 2574 1056 2636 inlisa
1077 2573 1208 2636 merebit

387 2685 421 2746 ln
444 2691 533 2764 caput
554 2683 611 2744 iste
632 2682 761 2762 benigna
782 2691 865 2746 tuum
887 2685 1033 2746 sententia
1055 2684 1136 2746 clavo

386 2794 514 2876 Majore‚
537 2793 659 2854 alterius
682 2811 770 2873 quam
793 2812 892 2856 senno
914 2793 1067 2856 immissus
1089 2794 1119 2855 in
1141 2811 1239 2866 sures,
1329 2839 1348 2866 .,

321 2904 464 2969 laelium
485 2911 598 2974 cenat,
622 2921 711 2984 quern
733 2923 847 2966 summo
870 2903 951 2968 dedit
973 2903 1133 2984 sapientia,
1156 2922 1273 2968 cursrn.

890 3273 946 3355 lX·

429 3455 494 3516 lant
516 3453 598 3514 senis
620 3451 738 3514 albebat
759 3451 881 3516 Tithoni
902 3452 1048 3527 succum,
1073 3453 1181 3532 Gangis

387 3564 587 3643 Prospeclans
610 3579 694 3636 oras,
717 3562 874 3642 complexu
897 3571 927 3626 et
948 3563 1045 3627 dulcis
1067 3563 1155 3626 amici

387 3671 507 3745 Exibat,
530 3671 578 3733 oui
600 3671 685 3734 lrons
705 3671 830 3734 ardebat
851 3671 950 3734 lucida
972 3673 1098 3752 gemmis

388 3782 439 3844 Sic
459 3781 586 3861 positis,
610 3789 642 3843 nt
662 3781 746 3860 signa
768 3782 865 3854 ierac,
888 3801 963 3863 quae
985 3783 1097 3861 frigore
1118 3790 1226 3862 torpet,

354 3892 484 3971 illique
506 3910 560 3954 sua
583 3891 675 3954 cauda
696 3865 832 3972 percellit
852 3911 1014 3974 quemque,
1036 3892 1171 3954 referret

388 4001 427 4064 Et
449 4020 507 4064 nox
529 4001 565 4062 de
588 4000 742 4079 gradibus,
765 4020 821 4082 per
842 4021 919 4082 qnos
942 4002 1097 4088 conteQit
1116 4002 1147 4063 in
1170 4001 1271 4074 altum,

387 4112 483 4191 Atque
506 4129 612 4184 eroum,
634 4119 723 4191 alque
745 4131 837 4174 unum
858 4112 1007 4176 adscensu
1028 4118 1197 4191 superarat,
1219 4119 1253 4174 ul
1273 4113 1346 4178 inde

390 4221 518 4304 Cernere
541 4227 604 4282 erat
624 4220 740 4282 tollenti
761 4223 873 4293 aciem,
897 4230 927 4286 et
945 4222 1007 4303 jana
1029 4221 1135 4284 tertius
1156 4220 1211 4286 alis

388 4330 534 4392 Deorsum
555 4329 617 4392 ibat
638 4331 742 4406 flexis,
764 4353 832 4395 cum
853 4351 918 4407 me,
942 4333 993 4412 qui
1015 4331 1159 4412 quidquid
1181 4332 1285 4396 Adsmi
1307 4341 1355 4396 cst

340 4450 373 4505 lt
388 4438 552 4502 Attuleram
572 4459 705 4517 mecum,
728 4443 835 4506 devicit
855 4459 979 4504 somnus
1001 4442 1032 4504 in
1053 4440 1146 4505 herba
