3236 5394
595 562 789 612 rurnnucnuu
807 563 868 612 mu.
1257 566 1298 626 49

235 779 317 850 Quae
339 787 370 839 tu
393 797 472 840 nunc
493 779 593 841 auimo
616 792 752 859 reputas,
775 780 908 842 mutilata
929 781 1090 844 labescant.

183 897 217 948 30
276 888 351 948 Tum
373 889 504 967 paullum
527 890 645 951 extendi
668 885 815 964 dextram,
839 909 1005 970 magnoque
1028 891 1135 952 revulsi

234 997 276 1057 Er
296 1016 393 1076 pruno
416 998 552 1076 exiguum
575 1018 704 1071 ramum,
728 1008 759 1061 et
779 1000 961 1061 lacrimabile
985 1009 1106 1062 truncus

234 1106 390 1169 Clamavit:
415 1107 474 1170 Cur
494 1127 543 1169 me
563 1106 672 1170 vellis?
695 1110 754 1171 Sed
777 1110 920 1188 sanguine
944 1111 993 1171 ubi
1016 1119 1079 1171 ater

231 1217 338 1279 Factus
362 1228 439 1290 erat,
462 1237 580 1279 rursus:
605 1219 664 1281 Cur
684 1239 732 1281 me
755 1220 917 1298 decerpere
937 1216 1052 1298 gestis?

232 1326 316 1388 Nulla
338 1335 421 1390 tunm
442 1327 540 1407 pietas
563 1329 666 1391 docuit
686 1328 881 1390 miserescere
903 1327 1032 1408 pectus?
1503 1333 1507 1346 “

181 1447 214 1499 35
235 1437 390 1509 Quendam
412 1438 550 1500 homiues
573 1438 701 1512 luimus,
726 1439 776 1518 qui
798 1457 878 1500 nunc
900 1439 954 1500 sub
978 1439 1089 1500 cortice
1111 1450 1223 1500 stamus

232 1545 333 1608 llutati
356 1547 388 1608 in
410 1547 529 1627 stirpes.
574 1548 661 1611 Certe
683 1549 882 1627 exspectanda
905 1549 1012 1610 luisset

231 1655 311 1718 Haec
332 1663 383 1717 tua
405 1658 507 1720 dextra
529 1659 624 1736 magis
647 1659 727 1720 ilecti
750 1658 860 1736 pietate
882 1666 993 1736 parata,

231 1766 418 1844 Angnigeuas
441 1767 555 1828 animas
578 1769 604 1828 si
627 1787 683 1829 uos
705 1777 821 1846 gestare
843 1775 991 1847 putasses,

231 1875 268 1936 bt
288 1876 377 1938 veluti
400 1877 430 1938 iu
453 1897 536 1939 ramo
557 1878 662 1950 viridi,
686 1877 733 1939 cui
755 1879 909 1940 flammeus
931 1879 1021 1939 ardor

181 1991 214 2042 to
231 1987 351 2047 Summa
372 1995 440 2048 urat
461 1987 585 2066 capitiS,
608 1996 671 2049 tum
693 2007 762 2067 pars
786 1996 916 2050 extrema
938 1988 1067 2066 gementi

230 2096 338 2158 Sibilat
359 2096 515 2170 assimilis,
538 2099 877 2178 vente'exspiranteque
900 2098 1021 2160 stridet:

230 2205 281 2267 Sic
303 2205 391 2267 simul
414 2225 450 2268 ex
471 2207 523 2268 illo
546 2208 742 2286 erumpebant
763 2208 907 2286 fragmine
929 2207 1028 2280 rerba,

230 2316 267 2382 m
288 2316 420 2394 sanguis,
465 2317 563 2390 Quare
584 2317 733 2380 labentem
756 2317 866 2380 vertice
888 2337 983 2396 prone

229 2425 341 2486 Demisi
362 2425 489 2504 virgam,
512 2437 599 2506 atque
622 2427 706 2499 steti,
731 2428 834 2506 utqui
857 2428 977 2489 territus
1000 2428 1112 2490 haeret.

179 2546 212 2598 45
272 2536 304 2596 Si
326 2536 409 2615 prius
432 2557 468 2598 ex
489 2537 600 2598 nestris
621 2537 771 2616 potuisset
793 2538 913 2598 credere
935 2538 1043 2610 verbis,

228 2645 394 2725 Respondit
415 2647 549 2724 sapiens,
574 2666 648 2726 quae
671 2647 766 2709 oculis
789 2648 838 2708 hic
859 2647 968 2726 aspicit
990 2649 1074 2727 ipsis,
1345 2621 1349 2756 Ι

229 2755 323 2816 Laesa
346 2755 458 2830 anima,
482 2756 560 2818 haud
583 2775 713 2836 unquam
735 2759 813 2818 foret
834 2776 924 2818 ausus
947 2759 1067 2820 tendere
1090 2758 1223 2820 dextram
1345 2767 1349 2793 ¹

228 2865 261 2926 ln
285 2874 322 2926 te.
366 2866 555 2927 Incredibilis
578 2867 631 2927 sed
655 2885 703 2928 res
725 2887 772 2928 me
795 2867 942 2929 adducere
966 2868 1060 2929 suasit

228 2975 312 3036 Hunc
335 2975 365 3036 in
388 2995 478 3054 opus,
503 2977 582 3056 qnod
603 2995 651 3050 me
673 2977 785 3056 pariter
806 2986 915 3054 gravat.
959 2979 1012 3039 Ast
1033 2996 1086 3054 age
1110 2978 1187 3052 lare3

178 3099 211 3150 5ο
229 3085 286 3157 Qui
309 3084 351 3146 sis
374 3086 443 3146 buic
465 3104 612 3160 memora,
635 3094 667 3148 nt
688 3105 759 3166 pro,
783 3106 841 3165 qno
865 3098 912 3148 tua
936 3087 1042 3148 damna
1064 3088 1217 3166 rependat,
1343 3088 1346 3199 J

226 3195 362 3268 Munere,
386 3196 463 3274 apud
486 3209 627 3276 superes,
651 3196 688 3257 ad
712 3215 787 3274 ques
810 3214 942 3258 remeare
966 3195 1089 3256 incultas
1342 3207 1346 3324 Ι

226 3304 301 3366 Huic
324 3305 425 3378 datur,
447 3306 513 3386 ipse
536 3315 615 3368 tuam
634 3306 740 3386 jubeat
760 3305 941 3368 revirescere
964 3306 1082 3367 lamam.
1342 3329 1345 3403 p

228 3415 262 3475 llt
286 3423 423 3478 truncus:
447 3417 520 3478 Tam
542 3417 629 3481 dulce
650 3415 723 3476 mibi
747 3423 833 3476 senat
856 3415 911 3476 ista
934 3415 1060 3494 loquela,
1342 3407 1345 3466 ¹

228 3525 263 3586 Ut
285 3525 392 3587 tacitus
414 3545 559 3605 nequeam
581 3545 634 3586 vos
656 3525 783 3592 mittere.
827 3525 888 3585 Nec
911 3542 997 3602 grave
1019 3524 1104 3586 vebis

177 3635 286 3707 55811,
311 3635 337 3695 si
361 3654 417 3716 qua
441 3635 552 3698 alliciat
573 3654 636 3706 me,
661 3636 760 3698 dicere
782 3653 891 3715 pauca,
916 3634 1036 3714 cupide.

223 3745 276 3806 1115
299 3763 355 3822 ego
378 3764 458 3819 sum,
482 3745 580 3806 claves
604 3745 654 3824 qui
678 3746 825 3825 qnondam
848 3755 952 3806 nactus
974 3753 1124 3825 utrasque,

225 3855 318 3928 Queis
340 3855 475 3916 anmcr
498 3855 628 3916 animum
650 3874 754 3917 noram
775 3875 823 3917 me
845 3873 935 3934 posse
956 3854 1058 3935 potiri,

222 3965 308 4026 Nunc
330 3965 487 4039 claudens,
509 3965 599 4027 modo
622 3966 778 4028 recludens
800 3966 841 4028 ita
864 3965 994 4026 suaviter
1015 3963 1117 4026 ambas

222 4074 320 4148 Verti,
344 4082 377 4136 nt
398 4075 562 4136 snbmcrim
585 4083 724 4150 cunctos,
748 4076 795 4138 eui
819 4094 906 4137 sensa
930 4073 1046 4137 solebat

174 4193 204 4246 et
222 4185 371 4258 Credere,
393 4193 423 4247 et
445 4184 559 4265 expleri
581 4195 640 4246 tarn
662 4186 739 4247 lidus
762 4186 862 4247 nobile
884 4201 1001 4255 munus,

221 4295 259 4356 Ut
279 4313 328 4356 me
351 4295 514 4358 delicerent
536 4295 654 4368 somni,
677 4304 708 4357 et
730 4296 773 4357 ris
794 4295 891 4358 vivida
913 4295 1027 4375 pulsus.

100 4431 104 4561 p
221 4403 436 4478 temeratrix,
460 4405 563 4468 ocules
586 4413 717 4468 avertere
740 4405 803 4467 risa
824 4413 979 4486 protervos
1280 4473 1283 4480 ,

100 4570 103 4671 1
223 4514 359 4576 Caesaris
382 4515 515 4596 hospitio
538 4534 706 4597 nunqnam,
730 4533 886 4578 commune
908 4515 1108 4595 sepulchrum,

1210 4614 1228 4667 t
1337 4529 1342 4714 ¹

101 4676 717 4728 Lm—
829 4699 833 4708 .
