3214 5400
342 519 400 584 19⁰
780 519 958 572 ennonrouu
978 521 1033 572 ιιι.

1088 615 1494 626 m

406 739 500 812 Siout,
522 737 574 804 ubi
596 737 725 818 arripiet
744 737 861 800 venturi
882 738 992 802 nunoir
1014 737 1114 804 domni

408 845 513 922 Verbo,
536 865 572 910 os
594 847 713 910 auditor
732 847 842 922 turbet,
865 865 1052 930 quorumque
1072 849 1216 930 periolnm

356 969 389 1024 tt
407 957 451 1020 Ex
472 963 556 1038 porte
578 956 649 1018 huic
670 957 801 1020 animum
823 959 920 1032 ierint,
943 959 990 1021 sio
1011 959 1102 1024 nitere
1124 960 1188 1022 riso
1210 969 1257 1022 est

407 1065 586 1130 conturbari
608 1066 716 1135 animo.
738 1068 815 1130 hoec
835 1068 925 1131 tontis
948 1069 1018 1132 dum
1039 1071 1152 1150 pendet
1172 1069 1210 1132 eh
1232 1089 1294 1143 ore,

406 1176 536 1256 Surgere
559 1183 590 1240 et
610 1175 756 1257 odspeotu
778 1177 857 1240 tristi
878 1179 954 1242 huso
975 1178 1064 1242 simul
1085 1179 1208 1242 ruribus
1230 1181 1341 1243 hausit.

446 1286 577 1351 Alterius
599 1304 709 1362 sermo,
731 1287 854 1350 ulterius
876 1295 1055 1369 eonspeotus
1077 1297 1211 1352 aventem

405 1393 577 1458 Suadebont
597 1395 705 1458 horum
726 1415 774 1460 me
796 1397 949 1478 inquirere
969 1397 1101 1474 nomino,
1122 1408 1155 1469 et
1175 1399 1254 1473 illos,
1509 1323 1512 1507 ξ

354 1514 388 1567 70
404 1504 534 1567 Multis
526 1504 701 1570 immisoous
721 1507 862 1587 precibus
883 1525 951 1570 mee
973 1507 1063 1581 diota,
1085 1508 1196 1588 rogeri.
1509 1497 1511 1600 j

447 1615 556 1690 Quone,
580 1633 657 1694 quoe
678 1616 774 1680 suerat
794 1635 912 1680 meeum
933 1619 1017 1698 prius
1038 1617 1143 1680 umbra
1165 1617 1273 1692 locuto,
1508 1607 1511 1694 ι

404 1733 455 1795 Sio
477 1733 600 1795 iterum:
623 1730 658 1794 ιιι
679 1727 734 1790 tibi
754 1745 802 1792 me
823 1727 953 1790 hortaris
974 1735 1137 1809 proestare,
1159 1728 1269 1808 quod
1261 1747 1328 1810 ipse

403 1841 534 1918 Αιιιιιιι·
557 1849 588 1904 ιι
608 1837 751 1919 quonism
773 1837 922 1918 Superum
942 1839 1103 1902 ιιιιιιιιιιιι
1122 1837 1259 1901 voluntas

403 1951 512 2026 Efficit,
535 1957 569 2014 ut
590 1957 671 2014 ιιιιιι
691 1956 721 2010 ιι
744 1947 836 2010 donet
857 1946 951 2026 gretie
973 1947 1049 2023 lure,
1507 1945 1513 2322 ἱ

1507 2706 1509 2761 ι

1506 2770 1509 2825 ι

353 2068 387 2122 ιι
403 2061 470 2123 Non
492 2061 548 2124 tibi
570 2045 679 2142 ponens
702 2077 764 2120 oro.
809 2057 1000 2137 Quapropter
1019 2075 1068 2122 me
1090 2075 1158 2122 esse
1179 2057 1296 2122 fatebor

404 2172 520 2233 Gurnuu
542 2189 599 2232 nnn
622 2170 713 2233 Duos.
755 2169 865 2230 Fuerrt
885 2167 960 2229 mihi
982 2167 1104 2246 mnpns
1126 2168 1252 2230 adustus

403 2281 517 2344 Invidia
540 2287 630 2353 tanto,
652 2286 694 2352 ut,
715 2284 876 2350 testentern
897 2275 1004 2356 gaudio
1025 2276 1108 2338 vultu
1599 2237 1600 2340 i

404 2391 436 2452 Si
460 2408 547 2470 quem
569 2389 721 2462 vidissem,
744 2405 882 2468 sparsum
903 2387 997 2450 livore
1017 2386 1149 2466 maligno
1599 2363 1600 2398 ¹

401 2498 448 2562 ιιι
471 2516 589 2580 quoque
609 2497 750 2560 vidisses.
791 2497 835 2560 Fu
856 2495 915 2558 isto
936 2497 1052 2562 semine
1072 2496 1162 2560 telem

352 2621 386 2677 8⁰
402 2609 525 2672 Demere
548 2627 627 2670 nuno
648 2607 775 2689 puteum.
820 2606 988 2670 Osoboles
1010 2607 1148 2682 humane,
1171 2607 1243 2689 quid
1265 2626 1373 2673 omues

402 2717 556 2800 Impendis
579 2737 675 2792 euros,
697 2717 818 2780 inhiens
841 2735 919 2798 quoe
936 2717 1004 2798 juro
1026 2717 1145 2780 retundi

402 2829 538 2892 Poscunt
557 2835 588 2892 et
609 2827 743 2908 quemne
765 2836 936 2890 consortem
957 2846 974 2890 ι
996 2826 1107 2891 finibus
1130 2825 1256 2890 ornent?

445 2938 542 3012 Quem
564 2955 660 3019 prope
681 2955 729 3000 me
750 2944 877 2998 stentem
900 2937 1008 3011 cernis,
1030 2937 1194 3000 Rnrnrurns
1215 2939 1266 3001 hio
1287 2948 1344 3013 est,

403 3047 591 3111 Colbolidum
613 3047 705 3110 decus
727 3066 762 3109 oo
783 3047 893 3121 humen,
916 3065 1006 3127 quem
1026 3063 1117 3110 nemo
1137 3057 1256 3111 secutus

351 3167 385 3224 85
402 3157 552 3220 Hactenus
573 3165 620 3220 est
639 3157 746 3220 huores
767 3165 849 3230 tento
869 3159 977 3220 virtute
998 3157 1124 3238 potitus.

401 3268 463 3330 Neo
485 3267 582 3330 solum
604 3267 683 3330 oirou
704 3267 869 3330 Eridanum
889 3275 1081 3348 montemque
1102 3269 1269 3349 fretumque

401 3377 539 3440 Eiones
560 3377 704 3440 Renum
693 3397 756 3460 pom
778 3377 926 3450 deieoisso
947 3377 1064 3440 videtur
1201 3405 1207 3414 ·
1244 3385 1251 3398 ‘

401 3487 484 3549 lilius
507 3487 628 3566 sanguis
650 3486 751 3564 rebus,
773 3487 861 3567 queis
880 3505 950 3550 rere
970 3495 1092 3568 peretur

402 3595 494 3676 Copia
518 3616 617 3677 opum,
641 3605 729 3677 etque
752 3596 859 3678 quibus
881 3597 1054 3660 cortesount
1075 3595 1293 3676 periniurium

350 3717 384 3770 ιι
400 3707 508 3768 Verum
530 3707 608 3769 intro
629 3707 685 3769 hos
707 3707 784 3769 fines
805 3713 875 3768 sunt
895 3705 1030 3770 sentibus
1053 3707 1164 3787 oppido
1185 3715 1292 3770 ennete

400 3816 492 3879 Pleno
513 3817 704 3890 veneniferis,
727 3823 758 3878 et
778 3817 887 3880 trustra
910 3833 981 3878 euro
1002 3814 1126 3889 laboret

400 3925 438 3989 Ut
459 3926 540 3990 uultu
560 3927 687 3990 meliore
708 3926 808 3988 minus
830 3925 992 3989 silvescere
1013 3925 1141 3988 diseunt.

441 4036 527 4100 Nune
548 4035 669 4100 ubinam
690 4044 737 4100 est
758 4035 861 4098 Liorns
882 4035 981 4099 bonus
1002 4036 1213 4117 Hernicosque
1234 4035 1382 4112 ιιιιιιιιιιι,

400 4145 439 4207 Et
460 4146 669 4208 vannssnns
690 4146 808 4208 Pennus
830 4154 861 4208 et
882 4145 1041 4208 Cernimus
1062 4145 1114 4209 ille
1258 4143 1260 4148 ’

350 4258 384 4314 95
402 4253 536 4318 Gerous?
556 4287 600 4304 -
619 4256 700 4318 Proh
722 4255 804 4336 genti
825 4273 899 4334 gens
920 4254 1085 4318 Aemiliana
1106 4256 1202 4336 priori

370 4391 371 4394 ¹
400 4363 601 4443 Degenerem!
623 4365 720 4429 Novus
743 4382 811 4428 oum
831 4365 907 4427 vidit
926 4366 1047 4429 Felsina
1069 4365 1186 4428 februm

400 4473 517 4540 Mittere
538 4475 664 4552 redires,
685 4483 888 4605 perveniatque
909 4495 946 4538 ex
967 4475 1102 4556 gramine
1123 4477 1235 4540 iooturn
