<?xml version="1.0" encoding="UTF-8"?>
<!DOCTYPE html PUBLIC "-//W3C//DTD XHTML 1.0 Transitional//EN"
    "http://www.w3.org/TR/xhtml1/DTD/xhtml1-transitional.dtd">
<html xmlns="http://www.w3.org/1999/xhtml" xml:lang="en" lang="en">
 <head>
  <title>
</title>
<meta http-equiv="Content-Type" content="text/html;charset=utf-8" />
  <meta name='ocr-system' content='tesseract 3.04.00' />
  <meta name='ocr-capabilities' content='ocr_page ocr_carea ocr_par ocr_line ocrx_word'/>
</head>
<body>
  <div class='ocr_page' id='page_1' title='image "./divinacomoedia01piazgoog_0319.png"; bbox 0 0 3234 5396; ppageno 0'>
   <div class='ocr_carea' id='block_1_1' title="bbox 349 479 1056 558">
    <p class='ocr_par' dir='ltr' id='par_1_1' title="bbox 349 479 1056 558">
     <span class='ocr_line' id='line_1_1' title="bbox 349 479 1056 558; baseline -0.018 0"><span class='ocrx_word' id='word_1_1' title='bbox 349 493 411 558; x_wconf 79' lang='lat'><strong>262</strong></span> <span class='ocrx_word' id='word_1_2' title='bbox 659 479 662 490; x_wconf 89' lang='lat'>&#39;</span> <span class='ocrx_word' id='word_1_3' title='bbox 768 496 950 550; x_wconf 84' lang='lat' dir='ltr'><strong>ruoaarocu</strong></span> <span class='ocrx_word' id='word_1_4' title='bbox 967 496 1056 548; x_wconf 78' lang='lat' dir='ltr'><strong>xxxii.</strong></span> 
     </span>
    </p>
   </div>
   <div class='ocr_carea' id='block_1_2' title="bbox 306 591 475 601">
    <p class='ocr_par' dir='ltr' id='par_1_2' title="bbox 306 591 475 601">
     <span class='ocr_line' id='line_1_2' title="bbox 306 591 475 601; baseline -0.006 0"><span class='ocrx_word' id='word_1_5' title='bbox 306 591 475 601; x_wconf 77' lang='grc'><strong>...----</strong></span> 
     </span>
    </p>
   </div>
   <div class='ocr_carea' id='block_1_3' title="bbox 362 711 1424 4080">
    <p class='ocr_par' dir='ltr' id='par_1_3' title="bbox 413 711 1239 1122">
     <span class='ocr_line' id='line_1_3' title="bbox 414 711 1213 794; baseline 0.004 -19"><span class='ocrx_word' id='word_1_6' title='bbox 414 714 556 793; x_wconf 82' lang='lat' dir='ltr'><strong>Turgcre,</strong></span> <span class='ocrx_word' id='word_1_7' title='bbox 579 731 613 774; x_wconf 91' lang='lat' dir='ltr'><strong>ac</strong></span> <span class='ocrx_word' id='word_1_8' title='bbox 635 711 704 775; x_wconf 92' lang='lat' dir='ltr'><strong>dein</strong></span> <span class='ocrx_word' id='word_1_9' title='bbox 728 731 864 794; x_wconf 86' lang='lat' dir='ltr'><strong>quaeque</strong></span> <span class='ocrx_word' id='word_1_10' title='bbox 885 731 962 775; x_wconf 83' lang='lat' dir='ltr'><strong>novo</strong></span> <span class='ocrx_word' id='word_1_11' title='bbox 984 713 1090 778; x_wconf 86' lang='lat' dir='ltr'><strong>vestita</strong></span> <span class='ocrx_word' id='word_1_12' title='bbox 1111 713 1213 778; x_wconf 88' lang='lat' dir='ltr'><strong>colore</strong></span> 
     </span>
     <span class='ocr_line' id='line_1_4' title="bbox 414 822 1226 903; baseline 0 -17"><span class='ocrx_word' id='word_1_13' title='bbox 414 823 539 898; x_wconf 75' lang='lat' dir='ltr'><strong>Laetam,</strong></span> <span class='ocrx_word' id='word_1_14' title='bbox 562 831 631 885; x_wconf 85' lang='lat' dir='ltr'><strong>ante</strong></span> <span class='ocrx_word' id='word_1_15' title='bbox 653 841 726 884; x_wconf 92' lang='lat' dir='ltr'><strong>suos</strong></span> <span class='ocrx_word' id='word_1_16' title='bbox 748 841 836 903; x_wconf 91' lang='lat' dir='ltr'><strong>quam</strong></span> <span class='ocrx_word' id='word_1_17' title='bbox 856 822 916 885; x_wconf 89' lang='lat' dir='ltr'><strong>alic</strong></span> <span class='ocrx_word' id='word_1_18' title='bbox 939 823 995 885; x_wconf 92' lang='lat' dir='ltr'><strong>sub</strong></span> <span class='ocrx_word' id='word_1_19' title='bbox 1018 823 1116 886; x_wconf 79' lang='lat' dir='ltr'><strong>sidere</strong></span> <span class='ocrx_word' id='word_1_20' title='bbox 1138 824 1226 886; x_wconf 81' lang='lat' dir='ltr'><strong>Titan</strong></span> 
     </span>
     <span class='ocr_line' id='line_1_5' title="bbox 415 930 1239 1012; baseline 0.001 -18"><span class='ocrx_word' id='word_1_21' title='bbox 415 932 631 1012; x_wconf 80' lang='lat' dir='ltr'>Quadrupedes</span> <span class='ocrx_word' id='word_1_22' title='bbox 648 932 768 1012; x_wconf 84' lang='lat' dir='ltr'><strong>jungat:</strong></span> <span class='ocrx_word' id='word_1_23' title='bbox 790 930 878 993; x_wconf 88' lang='lat' dir='ltr'><strong>violis</strong></span> <span class='ocrx_word' id='word_1_24' title='bbox 900 931 974 994; x_wconf 88' lang='lat' dir='ltr'><strong>baec</strong></span> <span class='ocrx_word' id='word_1_25' title='bbox 996 932 1117 994; x_wconf 86' lang='lat' dir='ltr'><strong>rubrius</strong></span> <span class='ocrx_word' id='word_1_26' title='bbox 1139 934 1239 1008; x_wconf 90' lang='lat' dir='ltr'><strong>arbor,</strong></span> 
     </span>
     <span class='ocr_line' id='line_1_6' title="bbox 413 1040 1161 1122; baseline 0 -18"><span class='ocrx_word' id='word_1_27' title='bbox 413 1041 657 1121; x_wconf 89' lang='lat' dir='ltr'><strong>Languidiusquc</strong></span> <span class='ocrx_word' id='word_1_28' title='bbox 679 1042 758 1103; x_wconf 91' lang='lat' dir='ltr'><strong>rosis</strong></span> <span class='ocrx_word' id='word_1_29' title='bbox 779 1040 839 1104; x_wconf 88' lang='lat' dir='ltr'><strong>late</strong></span> <span class='ocrx_word' id='word_1_30' title='bbox 861 1041 953 1104; x_wconf 90' lang='lat' dir='ltr'><strong>decus</strong></span> <span class='ocrx_word' id='word_1_31' title='bbox 976 1041 1161 1122; x_wconf 77' lang='lat' dir='ltr'><strong>expandebat</strong></span> 
     </span>
    </p>

    <p class='ocr_par' dir='ltr' id='par_1_4' title="bbox 362 1149 1339 1669">
     <span class='ocr_line' id='line_1_7' title="bbox 362 1149 1238 1230; baseline 0.008 -21"><span class='ocrx_word' id='word_1_32' title='bbox 362 1157 395 1210; x_wconf 77' lang='lat' dir='ltr'><strong>da</strong></span> <span class='ocrx_word' id='word_1_33' title='bbox 412 1151 506 1213; x_wconf 75' lang='lat' dir='ltr'><strong>Vitam</strong></span> <span class='ocrx_word' id='word_1_34' title='bbox 529 1149 663 1230; x_wconf 90' lang='lat' dir='ltr'><strong>ingressa</strong></span> <span class='ocrx_word' id='word_1_35' title='bbox 687 1169 801 1224; x_wconf 85' lang='lat' dir='ltr'><strong>novam,</strong></span> <span class='ocrx_word' id='word_1_36' title='bbox 825 1167 1013 1214; x_wconf 80' lang='lat' dir='ltr'><strong>curaremus</strong></span> <span class='ocrx_word' id='word_1_37' title='bbox 1036 1161 1102 1214; x_wconf 88' lang='lat' dir='ltr'><strong>ante</strong></span> <span class='ocrx_word' id='word_1_38' title='bbox 1126 1151 1238 1216; x_wconf 89' lang='lat' dir='ltr'><strong>soleret</strong></span> 
     </span>
     <span class='ocr_line' id='line_1_8' title="bbox 413 1259 1339 1342; baseline 0.003 -21"><span class='ocrx_word' id='word_1_39' title='bbox 413 1260 550 1323; x_wconf 80' lang='lat' dir='ltr'><strong>Tendere</strong></span> <span class='ocrx_word' id='word_1_40' title='bbox 573 1260 618 1323; x_wconf 85' lang='lat' dir='ltr'><strong>sic</strong></span> <span class='ocrx_word' id='word_1_41' title='bbox 639 1259 746 1322; x_wconf 90' lang='lat' dir='ltr'><strong>nudos.</strong></span> <span class='ocrx_word' id='word_1_42' title='bbox 790 1260 888 1322; x_wconf 88' lang='lat' dir='ltr'><strong>blente</strong></span> <span class='ocrx_word' id='word_1_43' title='bbox 909 1261 988 1324; x_wconf 91' lang='lat' dir='ltr'><strong>baud</strong></span> <span class='ocrx_word' id='word_1_44' title='bbox 1010 1262 1226 1341; x_wconf 81' lang='lat' dir='ltr'><strong>comprendere</strong></span> <span class='ocrx_word' id='word_1_45' title='bbox 1249 1263 1339 1342; x_wconf 85' lang='lat' dir='ltr'><strong>quivi,</strong></span> 
     </span>
     <span class='ocr_line' id='line_1_9' title="bbox 412 1369 1208 1444; baseline 0.004 -12"><span class='ocrx_word' id='word_1_46' title='bbox 412 1370 474 1432; x_wconf 91' lang='lat' dir='ltr'><strong>Nec</strong></span> <span class='ocrx_word' id='word_1_47' title='bbox 496 1388 637 1432; x_wconf 87' lang='lat' dir='ltr'><strong>numeros</strong></span> <span class='ocrx_word' id='word_1_48' title='bbox 660 1387 763 1432; x_wconf 89' lang='lat' dir='ltr'><strong>ornnes</strong></span> <span class='ocrx_word' id='word_1_49' title='bbox 786 1369 879 1444; x_wconf 88' lang='lat' dir='ltr'><strong>licuit,</strong></span> <span class='ocrx_word' id='word_1_50' title='bbox 903 1389 959 1432; x_wconf 85' lang='lat' dir='ltr'><strong>nec</strong></span> <span class='ocrx_word' id='word_1_51' title='bbox 981 1371 1071 1432; x_wconf 84' lang='lat' dir='ltr'><strong>verba</strong></span> <span class='ocrx_word' id='word_1_52' title='bbox 1094 1381 1208 1436; x_wconf 89' lang='lat' dir='ltr'><strong>notare.</strong></span> 
     </span>
     <span class='ocr_line' id='line_1_10' title="bbox 412 1479 1275 1560; baseline 0.002 -18"><span class='ocrx_word' id='word_1_53' title='bbox 412 1481 538 1560; x_wconf 77' lang='lat' dir='ltr'><strong>Fingere</strong></span> <span class='ocrx_word' id='word_1_54' title='bbox 562 1479 588 1540; x_wconf 91' lang='lat' dir='ltr'><strong>si</strong></span> <span class='ocrx_word' id='word_1_55' title='bbox 609 1497 741 1558; x_wconf 86' lang='lat' dir='ltr'><strong>possem,</strong></span> <span class='ocrx_word' id='word_1_56' title='bbox 764 1486 796 1540; x_wconf 92' lang='lat' dir='ltr'><strong>ut</strong></span> <span class='ocrx_word' id='word_1_57' title='bbox 818 1497 924 1542; x_wconf 89' lang='lat' dir='ltr'><strong>somno</strong></span> <span class='ocrx_word' id='word_1_58' title='bbox 947 1480 1010 1544; x_wconf 86' lang='lat' dir='ltr'><strong>lara</strong></span> <span class='ocrx_word' id='word_1_59' title='bbox 1032 1481 1142 1544; x_wconf 90' lang='lat' dir='ltr'><strong>lumina</strong></span> <span class='ocrx_word' id='word_1_60' title='bbox 1165 1482 1275 1544; x_wconf 86' lang='lat' dir='ltr'><strong>victus·</strong></span> 
     </span>
     <span class='ocr_line' id='line_1_11' title="bbox 413 1587 1199 1669; baseline 0 -17"><span class='ocrx_word' id='word_1_61' title='bbox 413 1589 558 1652; x_wconf 76' lang='lat' dir='ltr'><strong>Paulatim</strong></span> <span class='ocrx_word' id='word_1_62' title='bbox 580 1589 618 1650; x_wconf 90' lang='lat' dir='ltr'><strong>ad</strong></span> <span class='ocrx_word' id='word_1_63' title='bbox 640 1587 744 1651; x_wconf 82' lang='lat' dir='ltr'><strong>calami</strong></span> <span class='ocrx_word' id='word_1_64' title='bbox 767 1589 897 1650; x_wconf 89' lang='lat' dir='ltr'><strong>sonitum</strong></span> <span class='ocrx_word' id='word_1_65' title='bbox 919 1588 1075 1652; x_wconf 82' lang='lat' dir='ltr'><strong>demiserit</strong></span> <span class='ocrx_word' id='word_1_66' title='bbox 1094 1591 1199 1669; x_wconf 73' lang='lat' dir='ltr'><strong>Argus,</strong></span> 
     </span>
    </p>

    <p class='ocr_par' dir='ltr' id='par_1_5' title="bbox 362 1697 1280 2216">
     <span class='ocr_line' id='line_1_12' title="bbox 362 1697 1200 1778; baseline -0.004 -12"><span class='ocrx_word' id='word_1_67' title='bbox 362 1713 397 1766; x_wconf 81' lang='lat' dir='ltr'><strong>dn</strong></span> <span class='ocrx_word' id='word_1_68' title='bbox 414 1700 548 1773; x_wconf 90' lang='lat' dir='ltr'><strong>Lumina,</strong></span> <span class='ocrx_word' id='word_1_69' title='bbox 572 1697 658 1778; x_wconf 84' lang='lat' dir='ltr'><strong>queis</strong></span> <span class='ocrx_word' id='word_1_70' title='bbox 682 1697 753 1760; x_wconf 89' lang='lat' dir='ltr'><strong>tanti</strong></span> <span class='ocrx_word' id='word_1_71' title='bbox 776 1705 897 1760; x_wconf 89' lang='lat' dir='ltr'><strong>steterat</strong></span> <span class='ocrx_word' id='word_1_72' title='bbox 917 1699 1056 1776; x_wconf 79' lang='lat' dir='ltr'><strong>vigilasse</strong></span> <span class='ocrx_word' id='word_1_73' title='bbox 1078 1701 1200 1764; x_wconf 89' lang='lat' dir='ltr'><strong>diurnas</strong></span> 
     </span>
     <span class='ocr_line' id='line_1_13' title="bbox 413 1807 1260 1890; baseline 0.002 -19"><span class='ocrx_word' id='word_1_74' title='bbox 413 1810 642 1888; x_wconf 88' lang='lat' dir='ltr'><strong>Nocturnasque</strong></span> <span class='ocrx_word' id='word_1_75' title='bbox 663 1807 769 1882; x_wconf 79' lang='lat' dir='ltr'><strong>boras3</strong></span> <span class='ocrx_word' id='word_1_76' title='bbox 794 1825 849 1870; x_wconf 90' lang='lat' dir='ltr'><strong>ceu</strong></span> <span class='ocrx_word' id='word_1_77' title='bbox 871 1808 922 1888; x_wconf 91' lang='lat' dir='ltr'><strong>qui</strong></span> <span class='ocrx_word' id='word_1_78' title='bbox 943 1810 1122 1888; x_wconf 81' lang='lat' dir='ltr'><strong>exemplaria</strong></span> <span class='ocrx_word' id='word_1_79' title='bbox 1144 1819 1260 1890; x_wconf 91' lang='lat' dir='ltr'><strong>spectat</strong></span> 
     </span>
     <span class='ocr_line' id='line_1_14' title="bbox 413 1916 1280 1996; baseline 0.002 -15"><span class='ocrx_word' id='word_1_80' title='bbox 413 1918 523 1991; x_wconf 83' lang='lat' dir='ltr'><strong>bictcr,</strong></span> <span class='ocrx_word' id='word_1_81' title='bbox 547 1925 576 1978; x_wconf 90' lang='lat' dir='ltr'><strong>et</strong></span> <span class='ocrx_word' id='word_1_82' title='bbox 597 1917 663 1996; x_wconf 89' lang='lat' dir='ltr'><strong>ipse</strong></span> <span class='ocrx_word' id='word_1_83' title='bbox 685 1917 806 1980; x_wconf 90' lang='lat' dir='ltr'><strong>modum</strong></span> <span class='ocrx_word' id='word_1_84' title='bbox 829 1916 989 1980; x_wconf 92' lang='lat' dir='ltr'><strong>scribendo</strong></span> <span class='ocrx_word' id='word_1_85' title='bbox 1011 1919 1153 1982; x_wconf 77' lang='lat' dir='ltr'><strong>imitarier</strong></span> <span class='ocrx_word' id='word_1_86' title='bbox 1175 1921 1280 1996; x_wconf 89' lang='lat' dir='ltr'><strong>ausim,</strong></span> 
     </span>
     <span class='ocr_line' id='line_1_15' title="bbox 414 2026 1210 2106; baseline 0.003 -16"><span class='ocrx_word' id='word_1_87' title='bbox 414 2029 480 2103; x_wconf 84' lang='lat' dir='ltr'><strong>Quo</strong></span> <span class='ocrx_word' id='word_1_88' title='bbox 502 2047 552 2090; x_wconf 92' lang='lat' dir='ltr'><strong>me</strong></span> <span class='ocrx_word' id='word_1_89' title='bbox 574 2026 705 2089; x_wconf 79' lang='lat' dir='ltr'><strong>devinxit</strong></span> <span class='ocrx_word' id='word_1_90' title='bbox 726 2045 859 2088; x_wconf 90' lang='lat' dir='ltr'><strong>somnus.</strong></span> <span class='ocrx_word' id='word_1_91' title='bbox 904 2027 964 2088; x_wconf 87' lang='lat' dir='ltr'><strong>Sed</strong></span> <span class='ocrx_word' id='word_1_92' title='bbox 983 2027 1109 2106; x_wconf 78' lang='lat' dir='ltr'><strong>quilibet</strong></span> <span class='ocrx_word' id='word_1_93' title='bbox 1130 2030 1210 2092; x_wconf 89' lang='lat' dir='ltr'><strong>istud</strong></span> 
     </span>
     <span class='ocr_line' id='line_1_16' title="bbox 413 2136 1224 2216; baseline 0.005 -18"><span class='ocrx_word' id='word_1_94' title='bbox 413 2136 1224 2216; x_wconf 51' lang='lat' dir='ltr'><strong>mmmmwmmmm‚</strong></span> 
     </span>
    </p>

    <p class='ocr_par' dir='ltr' id='par_1_6' title="bbox 363 2246 1330 2766">
     <span class='ocr_line' id='line_1_17' title="bbox 363 2246 1264 2320; baseline -0.001 -8"><span class='ocrx_word' id='word_1_95' title='bbox 363 2258 399 2312; x_wconf 76' lang='lat' dir='ltr'><strong>tt</strong></span> <span class='ocrx_word' id='word_1_96' title='bbox 414 2249 556 2311; x_wconf 87' lang='lat' dir='ltr'><strong>Dicturus</strong></span> <span class='ocrx_word' id='word_1_97' title='bbox 577 2247 674 2309; x_wconf 84' lang='lat' dir='ltr'><strong>velum</strong></span> <span class='ocrx_word' id='word_1_98' title='bbox 698 2247 795 2308; x_wconf 90' lang='lat' dir='ltr'><strong>somni</strong></span> <span class='ocrx_word' id='word_1_99' title='bbox 816 2255 849 2308; x_wconf 93' lang='lat' dir='ltr'><strong>ut</strong></span> <span class='ocrx_word' id='word_1_100' title='bbox 869 2247 943 2310; x_wconf 90' lang='lat' dir='ltr'><strong>mibi</strong></span> <span class='ocrx_word' id='word_1_101' title='bbox 964 2246 1015 2311; x_wconf 85' lang='lat' dir='ltr'><strong>lux</strong></span> <span class='ocrx_word' id='word_1_102' title='bbox 1036 2248 1133 2320; x_wconf 77' lang='lat' dir='ltr'><strong>scidit,</strong></span> <span class='ocrx_word' id='word_1_103' title='bbox 1158 2259 1188 2311; x_wconf 93' lang='lat' dir='ltr'><strong>et</strong></span> <span class='ocrx_word' id='word_1_104' title='bbox 1208 2269 1264 2311; x_wconf 85' lang='lat' dir='ltr'><strong>vox</strong></span> 
     </span>
     <span class='ocr_line' id='line_1_18' title="bbox 416 2354 1330 2435; baseline -0.002 -13"><span class='ocrx_word' id='word_1_105' title='bbox 416 2357 594 2422; x_wconf 81' lang='lat' dir='ltr'><strong>Clementis:</strong></span> <span class='ocrx_word' id='word_1_106' title='bbox 617 2357 721 2434; x_wconf 87' lang='lat' dir='ltr'><strong>Surge,</strong></span> <span class='ocrx_word' id='word_1_107' title='bbox 744 2376 762 2416; x_wconf 93' lang='lat' dir='ltr'><strong>o</strong></span> <span class='ocrx_word' id='word_1_108' title='bbox 786 2357 856 2435; x_wconf 92' lang='lat' dir='ltr'><strong>quid</strong></span> <span class='ocrx_word' id='word_1_109' title='bbox 879 2354 966 2433; x_wconf 77' lang='lat' dir='ltr'><strong>igis?</strong></span> <span class='ocrx_word' id='word_1_110' title='bbox 989 2357 1055 2431; x_wconf 84' lang='lat' dir='ltr'><strong>Quo</strong></span> <span class='ocrx_word' id='word_1_111' title='bbox 1078 2358 1168 2420; x_wconf 90' lang='lat' dir='ltr'><strong>corde</strong></span> <span class='ocrx_word' id='word_1_112' title='bbox 1188 2360 1330 2434; x_wconf 73' lang='lat' dir='ltr'><strong>tamise,</strong></span> 
     </span>
     <span class='ocr_line' id='line_1_19' title="bbox 418 2467 1125 2545; baseline 0 -15"><span class='ocrx_word' id='word_1_113' title='bbox 418 2469 546 2540; x_wconf 79' lang='lat' dir='ltr'><strong>Parcus,</strong></span> <span class='ocrx_word' id='word_1_114' title='bbox 568 2467 695 2528; x_wconf 82' lang='lat' dir='ltr'><strong>laconas</strong></span> <span class='ocrx_word' id='word_1_115' title='bbox 719 2475 884 2545; x_wconf 91' lang='lat' dir='ltr'><strong>spectatum</strong></span> <span class='ocrx_word' id='word_1_116' title='bbox 905 2467 995 2530; x_wconf 88' lang='lat' dir='ltr'><strong>millia</strong></span> <span class='ocrx_word' id='word_1_117' title='bbox 1018 2469 1125 2530; x_wconf 91' lang='lat' dir='ltr'><strong>llorum</strong></span> 
     </span>
     <span class='ocr_line' id='line_1_20' title="bbox 416 2575 1137 2659; baseline -0.003 -18"><span class='ocrx_word' id='word_1_118' title='bbox 416 2578 512 2651; x_wconf 82' lang='lat' dir='ltr'><strong>Ducti,</strong></span> <span class='ocrx_word' id='word_1_119' title='bbox 536 2576 623 2659; x_wconf 88' lang='lat' dir='ltr'><strong>queis</strong></span> <span class='ocrx_word' id='word_1_120' title='bbox 645 2575 740 2638; x_wconf 89' lang='lat' dir='ltr'><strong>malus</strong></span> <span class='ocrx_word' id='word_1_121' title='bbox 763 2575 893 2652; x_wconf 76' lang='lat' dir='ltr'><strong>fulgebat</strong></span> <span class='ocrx_word' id='word_1_122' title='bbox 915 2576 999 2650; x_wconf 89' lang='lat' dir='ltr'><strong>laeta,</strong></span> <span class='ocrx_word' id='word_1_123' title='bbox 1023 2596 1137 2658; x_wconf 82' lang='lat' dir='ltr'><strong>suoque</strong></span> 
     </span>
     <span class='ocr_line' id='line_1_21' title="bbox 417 2685 1130 2766; baseline -0.001 -17"><span class='ocrx_word' id='word_1_124' title='bbox 417 2686 574 2766; x_wconf 72' lang='lat' dir='ltr'><strong>Angelicas</strong></span> <span class='ocrx_word' id='word_1_125' title='bbox 595 2685 698 2748; x_wconf 90' lang='lat' dir='ltr'><strong>turbas</strong></span> <span class='ocrx_word' id='word_1_126' title='bbox 720 2703 810 2764; x_wconf 92' lang='lat' dir='ltr'><strong>pomo</strong></span> <span class='ocrx_word' id='word_1_127' title='bbox 833 2685 979 2750; x_wconf 82' lang='lat' dir='ltr'><strong>alliciebat</strong></span> <span class='ocrx_word' id='word_1_128' title='bbox 1004 2686 1130 2760; x_wconf 87' lang='lat' dir='ltr'><strong>hiantes,</strong></span> 
     </span>
    </p>

    <p class='ocr_par' dir='ltr' id='par_1_7' title="bbox 368 2793 1256 3314">
     <span class='ocr_line' id='line_1_22' title="bbox 368 2793 1256 2876; baseline 0.001 -18"><span class='ocrx_word' id='word_1_129' title='bbox 368 2805 402 2858; x_wconf 84' lang='lat'><strong>7⁰</strong></span> <span class='ocrx_word' id='word_1_130' title='bbox 418 2795 634 2876; x_wconf 90' lang='lat' dir='ltr'><strong>Perpetuisque</strong></span> <span class='ocrx_word' id='word_1_131' title='bbox 656 2794 752 2874; x_wconf 91' lang='lat' dir='ltr'><strong>epulis</strong></span> <span class='ocrx_word' id='word_1_132' title='bbox 775 2793 925 2874; x_wconf 87' lang='lat' dir='ltr'><strong>sponsalia</strong></span> <span class='ocrx_word' id='word_1_133' title='bbox 947 2796 976 2856; x_wconf 92' lang='lat' dir='ltr'><strong>in</strong></span> <span class='ocrx_word' id='word_1_134' title='bbox 1000 2797 1120 2859; x_wconf 84' lang='lat' dir='ltr'><strong>aethere</strong></span> <span class='ocrx_word' id='word_1_135' title='bbox 1142 2797 1256 2876; x_wconf 79' lang='lat' dir='ltr'><strong>agebat,</strong></span> 
     </span>
     <span class='ocr_line' id='line_1_23' title="bbox 418 2904 1187 2986; baseline 0.001 -17"><span class='ocrx_word' id='word_1_136' title='bbox 418 2909 514 2986; x_wconf 75' lang='lat' dir='ltr'><strong>Atque</strong></span> <span class='ocrx_word' id='word_1_137' title='bbox 537 2905 574 2967; x_wconf 88' lang='lat' dir='ltr'><strong>ad</strong></span> <span class='ocrx_word' id='word_1_138' title='bbox 597 2924 629 2966; x_wconf 91' lang='lat' dir='ltr'><strong>se</strong></span> <span class='ocrx_word' id='word_1_139' title='bbox 651 2904 721 2966; x_wconf 87' lang='lat' dir='ltr'><strong>victi</strong></span> <span class='ocrx_word' id='word_1_140' title='bbox 742 2904 866 2967; x_wconf 88' lang='lat' dir='ltr'><strong>verbum</strong></span> <span class='ocrx_word' id='word_1_141' title='bbox 887 2906 1004 2968; x_wconf 88' lang='lat' dir='ltr'><strong>rediere</strong></span> <span class='ocrx_word' id='word_1_142' title='bbox 1027 2907 1083 2968; x_wconf 87' lang='lat' dir='ltr'><strong>sub</strong></span> <span class='ocrx_word' id='word_1_143' title='bbox 1104 2907 1187 2982; x_wconf 93' lang='lat' dir='ltr'><strong>illud,</strong></span> 
     </span>
     <span class='ocr_line' id='line_1_24' title="bbox 418 3015 1196 3095; baseline 0.004 -18"><span class='ocrx_word' id='word_1_144' title='bbox 418 3017 477 3078; x_wconf 84' lang='lat' dir='ltr'><strong>Per</strong></span> <span class='ocrx_word' id='word_1_145' title='bbox 499 3016 579 3095; x_wconf 93' lang='lat' dir='ltr'><strong>quod</strong></span> <span class='ocrx_word' id='word_1_146' title='bbox 601 3015 731 3095; x_wconf 83' lang='lat' dir='ltr'><strong>majores</strong></span> <span class='ocrx_word' id='word_1_147' title='bbox 753 3024 824 3076; x_wconf 92' lang='lat' dir='ltr'><strong>sunt</strong></span> <span class='ocrx_word' id='word_1_148' title='bbox 844 3015 924 3094; x_wconf 93' lang='lat' dir='ltr'><strong>pulsi</strong></span> <span class='ocrx_word' id='word_1_149' title='bbox 946 3025 1067 3095; x_wconf 87' lang='lat' dir='ltr'><strong>pectore</strong></span> <span class='ocrx_word' id='word_1_150' title='bbox 1089 3019 1196 3090; x_wconf 88' lang='lat' dir='ltr'><strong>somni,</strong></span> 
     </span>
     <span class='ocr_line' id='line_1_25' title="bbox 417 3123 1166 3205; baseline 0.003 -19"><span class='ocrx_word' id='word_1_151' title='bbox 417 3125 620 3205; x_wconf 77' lang='lat' dir='ltr'><strong>videruntque</strong></span> <span class='ocrx_word' id='word_1_152' title='bbox 643 3123 764 3186; x_wconf 89' lang='lat' dir='ltr'><strong>scholae</strong></span> <span class='ocrx_word' id='word_1_153' title='bbox 783 3124 845 3204; x_wconf 80' lang='lat' dir='ltr'><strong>jam</strong></span> <span class='ocrx_word' id='word_1_154' title='bbox 867 3125 1014 3188; x_wconf 84' lang='lat' dir='ltr'><strong>deiecisse</strong></span> <span class='ocrx_word' id='word_1_155' title='bbox 1037 3127 1166 3201; x_wconf 88' lang='lat' dir='ltr'><strong>sodales,</strong></span> 
     </span>
     <span class='ocr_line' id='line_1_26' title="bbox 418 3234 1130 3314; baseline 0.004 -17"><span class='ocrx_word' id='word_1_156' title='bbox 418 3237 525 3298; x_wconf 81' lang='lat' dir='ltr'><strong>blosnn</strong></span> <span class='ocrx_word' id='word_1_157' title='bbox 545 3235 711 3313; x_wconf 71' lang='lat' dir='ltr'><strong>Eiusque,</strong></span> <span class='ocrx_word' id='word_1_158' title='bbox 733 3234 975 3314; x_wconf 87' lang='lat' dir='ltr'><strong>immutatamque</strong></span> <span class='ocrx_word' id='word_1_159' title='bbox 996 3237 1130 3314; x_wconf 85' lang='lat' dir='ltr'><strong>magistri</strong></span> 
     </span>
    </p>

    <p class='ocr_par' dir='ltr' id='par_1_8' title="bbox 369 3344 1424 3643">
     <span class='ocr_line' id='line_1_27' title="bbox 369 3344 1424 3429; baseline -0.002 -18"><span class='ocrx_word' id='word_1_160' title='bbox 369 3346 495 3410; x_wconf 75' lang='lat' dir='ltr'><strong>antisse</strong></span> <span class='ocrx_word' id='word_1_161' title='bbox 516 3345 666 3418; x_wconf 80' lang='lat' dir='ltr'><strong>scholam3</strong></span> <span class='ocrx_word' id='word_1_162' title='bbox 689 3344 747 3404; x_wconf 91' lang='lat' dir='ltr'><strong>boo</strong></span> <span class='ocrx_word' id='word_1_163' title='bbox 769 3344 854 3416; x_wconf 89' lang='lat' dir='ltr'><strong>redii,</strong></span> <span class='ocrx_word' id='word_1_164' title='bbox 878 3351 907 3406; x_wconf 90' lang='lat' dir='ltr'><strong>et</strong></span> <span class='ocrx_word' id='word_1_165' title='bbox 929 3363 1022 3424; x_wconf 90' lang='lat' dir='ltr'><strong>super</strong></span> <span class='ocrx_word' id='word_1_166' title='bbox 1043 3346 1209 3410; x_wconf 89' lang='lat' dir='ltr'><strong>adstantem</strong></span> <span class='ocrx_word' id='word_1_167' title='bbox 1232 3348 1313 3411; x_wconf 81' lang='lat' dir='ltr'><strong>ilicet</strong></span> <span class='ocrx_word' id='word_1_168' title='bbox 1332 3348 1424 3429; x_wconf 90' lang='lat' dir='ltr'><strong>ipsam</strong></span> 
     </span>
     <span class='ocr_line' id='line_1_28' title="bbox 418 3454 1217 3534; baseline 0.004 -19"><span class='ocrx_word' id='word_1_169' title='bbox 418 3454 496 3528; x_wconf 83' lang='lat' dir='ltr'><strong>vidi,</strong></span> <span class='ocrx_word' id='word_1_170' title='bbox 520 3473 595 3534; x_wconf 89' lang='lat' dir='ltr'><strong>quae</strong></span> <span class='ocrx_word' id='word_1_171' title='bbox 617 3455 713 3516; x_wconf 86' lang='lat' dir='ltr'><strong>luerat</strong></span> <span class='ocrx_word' id='word_1_172' title='bbox 734 3454 783 3532; x_wconf 94' lang='lat' dir='ltr'><strong>pia</strong></span> <span class='ocrx_word' id='word_1_173' title='bbox 806 3454 865 3516; x_wconf 84' lang='lat' dir='ltr'><strong>dux</strong></span> <span class='ocrx_word' id='word_1_174' title='bbox 886 3454 923 3516; x_wconf 92' lang='lat' dir='ltr'><strong>ad</strong></span> <span class='ocrx_word' id='word_1_175' title='bbox 945 3455 1075 3518; x_wconf 86' lang='lat' dir='ltr'><strong>fluminis</strong></span> <span class='ocrx_word' id='word_1_176' title='bbox 1098 3458 1217 3532; x_wconf 86' lang='lat' dir='ltr'><strong>undam,</strong></span> 
     </span>
     <span class='ocr_line' id='line_1_29' title="bbox 424 3563 1302 3643; baseline 0.005 -16"><span class='ocrx_word' id='word_1_177' title='bbox 424 3564 479 3628; x_wconf 84' lang='lat' dir='ltr'><strong>Cui</strong></span> <span class='ocrx_word' id='word_1_178' title='bbox 502 3563 562 3624; x_wconf 88' lang='lat' dir='ltr'><strong>dixi</strong></span> <span class='ocrx_word' id='word_1_179' title='bbox 585 3572 665 3625; x_wconf 90' lang='lat' dir='ltr'><strong>totus</strong></span> <span class='ocrx_word' id='word_1_180' title='bbox 687 3563 856 3643; x_wconf 88' lang='lat' dir='ltr'><strong>trepidans:</strong></span> <span class='ocrx_word' id='word_1_181' title='bbox 882 3563 948 3637; x_wconf 84' lang='lat' dir='ltr'><strong>Quo</strong></span> <span class='ocrx_word' id='word_1_182' title='bbox 972 3578 1017 3627; x_wconf 88' lang='lat' dir='ltr'><strong>est</strong></span> <span class='ocrx_word' id='word_1_183' title='bbox 1038 3585 1123 3629; x_wconf 90' lang='lat' dir='ltr'><strong>versa</strong></span> <span class='ocrx_word' id='word_1_184' title='bbox 1144 3567 1302 3631; x_wconf 81' lang='lat' dir='ltr'><strong>Batrnrr?</strong></span> 
     </span>
    </p>

    <p class='ocr_par' dir='ltr' id='par_1_9' title="bbox 463 3672 1390 3741">
     <span class='ocr_line' id='line_1_30' title="bbox 463 3672 1390 3741; baseline 0.006 -6"><span class='ocrx_word' id='word_1_185' title='bbox 463 3674 518 3736; x_wconf 81' lang='lat' dir='ltr'><strong>Ast</strong></span> <span class='ocrx_word' id='word_1_186' title='bbox 539 3672 604 3735; x_wconf 90' lang='lat' dir='ltr'><strong>illa:</strong></span> <span class='ocrx_word' id='word_1_187' title='bbox 628 3674 705 3735; x_wconf 85' lang='lat' dir='ltr'><strong>Ecce</strong></span> <span class='ocrx_word' id='word_1_188' title='bbox 726 3674 804 3734; x_wconf 93' lang='lat' dir='ltr'><strong>hanc</strong></span> <span class='ocrx_word' id='word_1_189' title='bbox 826 3692 914 3736; x_wconf 85' lang='lat' dir='ltr'><strong>cerne</strong></span> <span class='ocrx_word' id='word_1_190' title='bbox 936 3694 1012 3736; x_wconf 91' lang='lat' dir='ltr'><strong>nova</strong></span> <span class='ocrx_word' id='word_1_191' title='bbox 1035 3676 1090 3737; x_wconf 93' lang='lat' dir='ltr'><strong>sub</strong></span> <span class='ocrx_word' id='word_1_192' title='bbox 1112 3677 1218 3739; x_wconf 90' lang='lat' dir='ltr'><strong>lronde</strong></span> <span class='ocrx_word' id='word_1_193' title='bbox 1240 3679 1390 3741; x_wconf 90' lang='lat' dir='ltr'><strong>sedentem</strong></span> 
     </span>
    </p>

    <p class='ocr_par' dir='ltr' id='par_1_10' title="bbox 421 3767 1301 3849">
     <span class='ocr_line' id='line_1_31' title="bbox 421 3767 1301 3849; baseline 0.003 -4"><span class='ocrx_word' id='word_1_194' title='bbox 421 3784 542 3846; x_wconf 88' lang='lat' dir='ltr'><strong>Plantae</strong></span> <span class='ocrx_word' id='word_1_195' title='bbox 565 3781 601 3844; x_wconf 91' lang='lat' dir='ltr'><strong>ad</strong></span> <span class='ocrx_word' id='word_1_196' title='bbox 623 3783 762 3844; x_wconf 91' lang='lat' dir='ltr'><strong>radicem.</strong></span> <span class='ocrx_word' id='word_1_197' title='bbox 807 3782 1006 3846; x_wconf 87' lang='lat' dir='ltr'><strong>Comitantum</strong></span> <span class='ocrx_word' id='word_1_198' title='bbox 1029 3767 1117 3848; x_wconf 85' lang='lat' dir='ltr'><strong>cerne</strong></span> <span class='ocrx_word' id='word_1_199' title='bbox 1140 3794 1301 3849; x_wconf 88' lang='lat' dir='ltr'><strong>catervam:</strong></span> 
     </span>
    </p>

    <p class='ocr_par' dir='ltr' id='par_1_11' title="bbox 371 3893 1261 4080">
     <span class='ocr_line' id='line_1_32' title="bbox 371 3893 1261 3972; baseline 0.001 -15"><span class='ocrx_word' id='word_1_200' title='bbox 371 3903 406 3956; x_wconf 83' lang='lat'><strong>8⁰</strong></span> <span class='ocrx_word' id='word_1_201' title='bbox 424 3894 547 3957; x_wconf 87' lang='lat' dir='ltr'><strong>Caetera</strong></span> <span class='ocrx_word' id='word_1_202' title='bbox 567 3901 637 3972; x_wconf 90' lang='lat' dir='ltr'><strong>post</strong></span> <span class='ocrx_word' id='word_1_203' title='bbox 658 3893 804 3972; x_wconf 76' lang='lat' dir='ltr'><strong>gryphum</strong></span> <span class='ocrx_word' id='word_1_204' title='bbox 826 3895 1000 3956; x_wconf 88' lang='lat' dir='ltr'><strong>conscendit</strong></span> <span class='ocrx_word' id='word_1_205' title='bbox 1021 3895 1106 3958; x_wconf 92' lang='lat' dir='ltr'><strong>turba</strong></span> <span class='ocrx_word' id='word_1_206' title='bbox 1129 3897 1261 3958; x_wconf 91' lang='lat' dir='ltr'><strong>canendo</strong></span> 
     </span>
     <span class='ocr_line' id='line_1_33' title="bbox 423 4002 1258 4080; baseline 0.002 -15"><span class='ocrx_word' id='word_1_207' title='bbox 423 4002 545 4065; x_wconf 87' lang='lat' dir='ltr'><strong>Dulcius</strong></span> <span class='ocrx_word' id='word_1_208' title='bbox 567 4021 603 4064; x_wconf 90' lang='lat' dir='ltr'><strong>ac</strong></span> <span class='ocrx_word' id='word_1_209' title='bbox 624 4002 740 4080; x_wconf 78' lang='lat' dir='ltr'><strong>gravim</strong></span> <span class='ocrx_word' id='word_1_210' title='bbox 763 4020 892 4064; x_wconf 87' lang='lat' dir='ltr'><strong>carmen.</strong></span> <span class='ocrx_word' id='word_1_211' title='bbox 935 4004 998 4066; x_wconf 91' lang='lat' dir='ltr'><strong>Nec</strong></span> <span class='ocrx_word' id='word_1_212' title='bbox 1015 4004 1118 4070; x_wconf 84' lang='lat' dir='ltr'><strong>,dicere</strong></span> <span class='ocrx_word' id='word_1_213' title='bbox 1140 4005 1258 4079; x_wconf 87' lang='lat' dir='ltr'><strong>scirem,</strong></span> 
     </span>
    </p>
   </div>
   <div class='ocr_carea' id='block_1_4' title="bbox 423 4112 1518 4208">
    <p class='ocr_par' dir='ltr' id='par_1_12' title="bbox 423 4112 1518 4208">
     <span class='ocr_line' id='line_1_34' title="bbox 423 4112 1518 4208; baseline 0.005 -35"><span class='ocrx_word' id='word_1_214' title='bbox 423 4112 531 4173; x_wconf 83' lang='lat' dir='ltr'><strong>Fusior</strong></span> <span class='ocrx_word' id='word_1_215' title='bbox 552 4130 589 4173; x_wconf 92' lang='lat' dir='ltr'><strong>an</strong></span> <span class='ocrx_word' id='word_1_216' title='bbox 611 4112 701 4186; x_wconf 84' lang='lat' dir='ltr'><strong>fando</strong></span> <span class='ocrx_word' id='word_1_217' title='bbox 723 4113 827 4186; x_wconf 82' lang='lat' dir='ltr'><strong>luerit3</strong></span> <span class='ocrx_word' id='word_1_218' title='bbox 849 4113 923 4175; x_wconf 92' lang='lat' dir='ltr'><strong>mibi</strong></span> <span class='ocrx_word' id='word_1_219' title='bbox 945 4131 1013 4176; x_wconf 89' lang='lat' dir='ltr'><strong>nam</strong></span> <span class='ocrx_word' id='word_1_220' title='bbox 1035 4114 1084 4176; x_wconf 91' lang='lat' dir='ltr'><strong>illa</strong></span> <span class='ocrx_word' id='word_1_221' title='bbox 1106 4116 1225 4177; x_wconf 88' lang='lat' dir='ltr'><strong>tenebat</strong></span> <span class='ocrx_word' id='word_1_222' title='bbox 1299 4169 1302 4174; x_wconf 92' lang='lat'><em>.</em></span> <span class='ocrx_word' id='word_1_223' title='bbox 1515 4113 1518 4208; x_wconf 70' lang='lat' dir='ltr'><strong>l</strong></span> 
     </span>
    </p>
   </div>
   <div class='ocr_carea' id='block_1_5' title="bbox 374 4220 1235 4526">
    <p class='ocr_par' dir='ltr' id='par_1_13' title="bbox 374 4220 1235 4526">
     <span class='ocr_line' id='line_1_35' title="bbox 424 4220 1235 4320; baseline 0.006 -39"><span class='ocrx_word' id='word_1_224' title='bbox 424 4221 557 4284; x_wconf 87' lang='lat' dir='ltr'><strong>Intentos</strong></span> <span class='ocrx_word' id='word_1_225' title='bbox 581 4220 693 4295; x_wconf 93' lang='lat' dir='ltr'><strong>oculos,</strong></span> <span class='ocrx_word' id='word_1_226' title='bbox 715 4222 788 4320; x_wconf 81' lang='lat' dir='ltr'><strong>mihi</strong></span> <span class='ocrx_word' id='word_1_227' title='bbox 810 4241 885 4301; x_wconf 92' lang='lat' dir='ltr'><strong>quae</strong></span> <span class='ocrx_word' id='word_1_228' title='bbox 907 4223 1108 4302; x_wconf 89' lang='lat' dir='ltr'><strong>praecluserat</strong></span> <span class='ocrx_word' id='word_1_229' title='bbox 1128 4243 1235 4288; x_wconf 86' lang='lat' dir='ltr'><strong>omnes</strong></span> 
     </span>
     <span class='ocr_line' id='line_1_36' title="bbox 424 4331 1195 4410; baseline 0.006 -18"><span class='ocrx_word' id='word_1_230' title='bbox 424 4331 489 4392; x_wconf 89' lang='lat' dir='ltr'><strong>Jam</strong></span> <span class='ocrx_word' id='word_1_231' title='bbox 511 4349 634 4393; x_wconf 89' lang='lat' dir='ltr'><strong>sensus:</strong></span> <span class='ocrx_word' id='word_1_232' title='bbox 656 4332 797 4410; x_wconf 90' lang='lat' dir='ltr'><strong>nudoque</strong></span> <span class='ocrx_word' id='word_1_233' title='bbox 819 4332 884 4392; x_wconf 92' lang='lat' dir='ltr'><strong>solo</strong></span> <span class='ocrx_word' id='word_1_234' title='bbox 907 4333 971 4395; x_wconf 89' lang='lat' dir='ltr'><strong>sola</strong></span> <span class='ocrx_word' id='word_1_235' title='bbox 993 4334 1043 4396; x_wconf 91' lang='lat' dir='ltr'><strong>illa</strong></span> <span class='ocrx_word' id='word_1_236' title='bbox 1065 4335 1195 4409; x_wconf 77' lang='lat' dir='ltr'><strong>sedebat,</strong></span> 
     </span>
     <span class='ocr_line' id='line_1_37' title="bbox 374 4440 1211 4526; baseline 0.006 -25"><span class='ocrx_word' id='word_1_237' title='bbox 374 4456 408 4510; x_wconf 77' lang='lat'><strong>85</strong></span> <span class='ocrx_word' id='word_1_238' title='bbox 427 4440 530 4513; x_wconf 84' lang='lat' dir='ltr'><strong>Qualis</strong></span> <span class='ocrx_word' id='word_1_239' title='bbox 553 4459 628 4520; x_wconf 92' lang='lat' dir='ltr'><strong>quae</strong></span> <span class='ocrx_word' id='word_1_240' title='bbox 651 4441 748 4521; x_wconf 72' lang='lat' dir='ltr'><strong>quesita</strong></span> <span class='ocrx_word' id='word_1_241' title='bbox 769 4451 815 4502; x_wconf 90' lang='lat' dir='ltr'><strong>est</strong></span> <span class='ocrx_word' id='word_1_242' title='bbox 836 4441 897 4504; x_wconf 92' lang='lat' dir='ltr'><strong>illic</strong></span> <span class='ocrx_word' id='word_1_243' title='bbox 918 4444 1054 4506; x_wconf 89' lang='lat' dir='ltr'><strong>custodia</strong></span> <span class='ocrx_word' id='word_1_244' title='bbox 1075 4445 1211 4526; x_wconf 88' lang='lat' dir='ltr'><strong>plaustri,</strong></span> 
     </span>
    </p>
   </div>
   <div class='ocr_carea' id='block_1_6' title="bbox 0 0 1622 5396">
    <p class='ocr_par' dir='ltr' id='par_1_14' title="bbox 0 0 1622 5396">
     <span class='ocr_line' id='line_1_38' title="bbox 0 0 1622 5396; baseline 0 0"><span class='ocrx_word' id='word_1_245' title='bbox 0 0 1622 5396; x_wconf 95' lang='lat' dir='ltr'><strong> </strong></span> 
     </span>
    </p>
   </div>
  </div>
 </body>
</html>
