3236 5394
770 564 962 616 lllFEllllOllllll
985 565 1022 616 ll.

396 783 422 842 lt
443 791 575 862 tempus,
599 783 668 844 dum
691 801 722 844 se
745 782 793 842 his
816 801 903 862 quem
925 783 1066 846 demoror
1087 783 1218 864 applicet
1239 780 1326 846 oris?

348 899 378 950 1⁰
395 891 482 954 lllum
504 909 559 970 ego
582 903 628 954 sat
649 892 731 954 sensi
753 891 892 953 extremis
914 892 1025 954 texisse
1047 893 1163 972 priorem

395 1001 501 1063 Ultima
525 1021 592 1064 nam
615 1003 733 1064 luerunt
754 1020 814 1062 non
836 1001 1048 1080 respondentia
1070 1001 1186 1082 primis.

396 1111 455 1172 Sed
477 1120 576 1173 tamen
598 1111 725 1174 incussit
747 1110 828 1173 tandi
850 1109 926 1173 ratio
948 1111 999 1174 illa
1020 1112 1169 1185 timerem,

396 1223 469 1282 Cum
491 1221 701 1294 detorsissem‚
725 1239 800 1299 quee
822 1228 885 1282 tum
907 1221 1081 1300 imperfecta
1103 1221 1233 1302 reliquit.

395 1331 489 1392 Verba
513 1331 542 1392 in
565 1330 696 1392 deterius
720 1330 835 1402 forsan,
860 1347 948 1409 quam
970 1339 1016 1392 est
1038 1330 1087 1392 ille
1109 1331 1236 1394 locutus.

348 1451 377 1504 15
438 1440 546 1501 Tristis
567 1440 599 1502 iu
621 1439 700 1500 hunc
722 1439 845 1500 fundum
867 1439 998 1500 conclaue
1021 1440 1182 1526 numquis
1204 1441 1264 1502 ruit
1287 1459 1416 1520 unquam

394 1551 495 1611 Incola
517 1549 606 1628 primi
629 1546 728 1621 orbis,
752 1547 800 1609 cui
823 1548 886 1610 sola
909 1557 955 1610 est
976 1567 1087 1628 poena,
1112 1550 1237 1612 salutem

395 1659 479 1720 llatrd
501 1676 622 1738 sperare
646 1654 743 1718 ultra?
767 1657 917 1730 Quaesivi.
960 1658 1083 1722 Talibus
1105 1660 1170 1720 ille:

393 1768 510 1830 decidit
531 1767 561 1830 id
584 1786 665 1839 raro,
690 1775 722 1828 ut
744 1767 900 1847 quisquam
923 1768 1018 1830 nostri
1041 1768 1155 1830 ordinis
1178 1769 1257 1832 istud
1369 1803 1372 1810 ,

396 1879 504 1940 'lentot
526 1878 598 1948 iter,
622 1878 701 1957 quod
724 1896 790 1939 sum
811 1877 948 1952 molitum
971 1887 1002 1940 at
1023 1877 1088 1957 ipse
1112 1879 1228 1940 fatebor

345 1988 460 2068 eolluc
482 1973 707 2048 me'devenisse
730 1987 817 2060 otuu,
842 2005 909 2049 cum
931 1987 995 2049 dira
1017 1987 1129 2066 coegit,

395 2098 439 2160 Ad
462 2117 515 2159 sua
538 2115 612 2176 quae
635 2115 738 2158 manes
760 2097 921 2158 revocabat
943 2115 1084 2178 corpora,
1108 2098 1275 2160 Entcnrno.

397 2208 491 2270 Corne
514 2215 618 2268 exutus
641 2225 722 2268 eram
744 2206 875 2286 pridem,
898 2225 965 2268 eum
989 2207 1132 2268 Thessala
1150 2206 1242 2287 jussit
1550 2265 1553 2272 ,

395 2318 511 2378 llurum
532 2316 643 2378 intrare
666 2316 767 2388 illum,
789 2317 941 2395 Junsuque
964 2335 1000 2378 ex
1022 2316 1093 2378 orbe
1115 2317 1268 2380 reductam
1508 2295 1512 2418 ἰ

396 2427 574 2488 Protrahere
597 2427 634 2488 ad
657 2427 789 2505 Superos
811 2425 956 2486 umbrant.
1000 2426 1098 2489 Locus
1120 2427 1241 2488 iniimus
1263 2427 1313 2488 ille
1336 2435 1382 2490 est

346 2551 379 2602 25
397 2537 537 2610 Maxime,
560 2544 590 2598 et
611 2537 725 2598 offusus
749 2535 831 2612 nigra
854 2533 1027 2609 tormidine,
1052 2537 1195 2616 abestque
1508 2419 1513 2614 Ι
1616 2589 1617 2610 ,

396 2647 521 2708 Maxime
543 2646 579 2708 ab
602 2646 757 2717 aetherea,
781 2645 811 2706 in
834 2661 936 2724 gyrum
958 2663 1033 2725 quae
1056 2645 1182 2727 corripit
1203 2665 1290 2710 omne
1614 2631 1617 2646 ‘

397 2757 562 2828 Inclusum,
586 2756 722 2835 sphoera.
765 2755 846 2816 Bene
869 2755 936 2816 novi
960 2755 1043 2834 signa
1067 2755 1189 2817 viarum.

398 2867 481 2928 dude
503 2883 584 2943 ergo.
626 2865 687 2926 lsta
709 2865 811 2946 palus,
834 2883 955 2926 saevum
977 2883 1052 2945 quae
1075 2865 1169 2944 spirat
1190 2866 1322 2940 odorem,

398 2976 499 3038 Ambit
518 2975 635 3036 tristem
656 2974 775 3047 urbem,
799 2993 858 3053 quo
877 2975 940 3055 jam
962 2983 1119 3054 penetrare
1141 2975 1206 3036 sine
1230 2975 1273 3038 ira

277 3087 279 3116 ¹
349 3092 382 3143 ³0
398 3087 464 3148 Non
487 3084 553 3145 erit.
577 3117 616 3128 -
638 3083 719 3145 llaec
741 3094 771 3144 et
791 3084 883 3146 mulla
906 3103 997 3164 super
1018 3083 1074 3146 luit
1095 3084 1144 3144 ille
1166 3084 1293 3158 locutus,

400 3197 483 3270 Quae
506 3213 589 3256 mens
612 3193 703 3254 oblita
726 3202 787 3267 ost·,
811 3213 879 3256 nam
900 3213 948 3256 me
971 3213 1034 3256 mea
1057 3193 1168 3256 lumina
1189 3203 1284 3256 tetum

399 3307 529 3367 Traxere
551 3303 587 3364 od
609 3303 708 3364 celsae
731 3304 888 3366 candentia
910 3304 1038 3366 culmina
1062 3305 1162 3366 turris.

441 3414 526 3475 ilicet
546 3413 595 3475 hio
617 3413 677 3474 vidi
699 3413 812 3492 pariter
832 3421 894 3474 tres
916 3424 1039 3493 pectore
1061 3422 1144 3475 recto

400 3525 510 3587 Contra
531 3523 720 3600 insurgentes
742 3525 871 3584 suffusas
894 3524 1037 3603 sanguine
1059 3524 1160 3596 Dinis,

352 3634 559 3696 35chi11eos
582 3639 662 3692 artus
685 3640 859 3711 gestumque
880 3633 1074 3714 hahitumque
1097 3635 1237 3696 ferentes.

400 3743 469 3804 lllas
494 3740 648 3804 caeruleae
672 3741 804 3802 sinuosis
827 3741 950 3804 orbibus
972 3744 1083 3823 hydrae

402 3852 582 3930 (lingebant,
605 3859 635 3912 et
656 3869 710 3930 pro
733 3851 815 3913 crine
837 3851 986 3930 unguiculi
1009 3863 1097 3933 atque
1119 3861 1253 3916 cerastae

403 3961 579 4034 Exstabant‚
603 3960 710 4040 quibus
732 3961 893 4023 horrebant
915 3963 977 4023 iera
1001 3970 1135 4042 tempora
1157 3963 1264 4025 vincta.

405 4073 500 4149 Atque
524 4069 564 4143 is,
587 4071 638 4150 qui
661 4070 801 4144 famulas,
825 4069 933 4150 quibus
955 4079 1002 4134 est
1022 4072 1132 4153 stipata
1152 4072 1298 4135 ministris

355 4195 389 4247 4ο
405 4180 517 4259 Regina
541 4179 654 4241 aeterni
676 4180 790 4252 luctus,
813 4181 889 4244 benc
911 4190 1049 4255 noverat,
1072 4181 1184 4262 inquit:

406 4291 578 4351 Ennnmnes
600 4292 799 4369 specta,lera
821 4291 922 4353 corda.
964 4292 1019 4352 Est
1038 4292 1103 4355 dira
1124 4293 1266 4354 lineum

407 4399 488 4461 llaec
509 4399 600 4459 latere
623 4398 654 4460 in
674 4399 774 4475 laer03
796 4403 932 4474 Anncro,
956 4419 1031 4481 quae
1053 4402 1172 4466 dextera
1195 4402 1290 4481 luget3

408 4509 574 4572 szxnnonn
598 4509 694 4570 media
716 4521 771 4572 est.
814 4510 870 4572 llio
891 4511 968 4573 lacte
990 4511 1110 4574 silentia
1130 4512 1259 4592 linguae.
