3236 5394
335 559 374 621 50
769 557 960 610 llll'ElillOllUbl
978 559 1039 610 Xlll.

401 779 438 839 Et
458 779 529 840 vitia
552 777 699 851 aularum,
723 777 850 838 flammis
873 775 1046 839 ardentibus
1069 793 1172 840 omnes

351 899 383 951 65
400 888 545 951 Accendit
565 896 680 950 mentes
702 887 733 948 iu
756 905 820 959 me,
844 869 929 965 queis
950 895 1072 966 pectora
1095 888 1223 950 flammis

402 1001 526 1062 Incensa
550 999 712 1076 Augustum
735 997 780 1058 sic
802 997 976 1069 incendere,
1000 997 1104 1058 beatos

402 1110 440 1171 Ut
461 1107 535 1169 mibi
558 1125 717 1169 conversos
741 1107 771 1167 iu
793 1106 890 1167 tristia
913 1115 1048 1186 tempora
1069 1107 1201 1170 bonores
1246 1110 1249 1120 '

401 1220 527 1280 Florem.
569 1217 752 1295 Animusque
776 1216 878 1277 avidus
901 1233 1040 1277 vesanam
1063 1217 1203 1279 ulciscier
1223 1217 1307 1291 iram,

401 1329 497 1407 Atque
519 1327 598 1388 hunc
620 1343 710 1406 posse
732 1336 814 1386 ratus
837 1335 1025 1406 praevertere
1047 1335 1143 1388 morte
1166 1328 1305 1402 furorem,

271 1481 273 1488 ,
352 1445 384 1494 70
403 1439 511 1500 Contra
534 1455 581 1498 me
600 1436 713 1516 justum
737 1453 783 1496 mc
806 1435 916 1516 injestc
940 1451 1061 1514 surgere
1080 1437 1181 1517 jussit.

401 1549 460 1609 Per
480 1546 554 1634 ligni
575 1545 662 1606 istius
685 1545 801 1606 radices
820 1545 889 1626 juro
913 1544 1053 1619 novellas,

401 1659 447 1720 lle
469 1643 620 1735 nunquam
642 1654 771 1716 violasse
793 1655 881 1716 iidem
904 1655 1057 1734 praeclara
1079 1657 1205 1719 merenti
1269 1723 1271 1731 ,

402 1766 536 1829 Praemia
560 1764 744 1827 rotlandum
768 1765 899 1826 domino.
943 1767 1038 1844 Atque
1062 1767 1186 1828 eradere
1210 1767 1247 1828 ad
1269 1779 1357 1827 auras

403 1878 435 1940 Si
460 1878 507 1939 cui
530 1877 575 1938 las
597 1883 727 1936 vestrum
751 1883 797 1937 est
818 1893 957 1954 superas,
981 1875 1032 1936 det
1053 1891 1174 1954 surgere
1196 1893 1313 1949 nomen,

354 1988 386 2038 75
402 1995 497 2068 Atque
519 2003 616 2048 meam
638 1986 747 2046 samam
762 2001 888 2064 ¹quoque
912 2003 990 2046 nunc
1011 1994 1081 2065 post
1102 1985 1152 2048 illa
1171 1987 1321 2067 jacentem

403 2098 544 2170 Vulnera,
569 2114 644 2176 quae
667 2095 775 2157 inflixit
795 2095 911 2156 meritis
934 2095 1019 2156 turba
1042 2095 1141 2158 invida
1163 2096 1284 2158 nostrie.

447 2207 612 2286 Paullisper
634 2205 717 2268 stetit
738 2205 908 2278 attendens,
931 2206 1039 2268 deinde
1063 2207 1113 2268 ora'
1136 2205 1259 2268 resolvit

405 2318 455 2380 Sic
477 2318 596 2379 doctor:
621 2315 768 2390 Quoniam
791 2323 870 2376 tacet
891 2317 934 2388 ie,
957 2332 994 2376 ne
1016 2315 1111 2378 labier
1131 2317 1235 2377 boram

405 2428 558 2489 Incassum
581 2425 663 2498 sine,
687 2426 740 2486 sed
762 2425 885 2504 loquere
909 2433 952 2497 et,
977 2443 1052 2504 quae
1075 2425 1153 2488 scire
1175 2425 1303 2498 laboras,

354 2538 474 2616 801pss
496 2554 578 2614 roga.
623 2533 681 2596 Sed
705 2551 759 2612 ego
782 2535 860 2596 bunc
881 2543 985 2596 contra
1008 2549 1072 2596 sum
1097 2535 1204 2596 talibus
1227 2551 1332 2597 orsus:

406 2647 450 2707 'l'u
474 2663 592 2725 quoque
615 2645 661 2706 lac
683 2645 810 2722 rogites,
834 2644 859 2704 si
883 2645 953 2724 quid
976 2644 1048 2706 milri
1072 2661 1163 2724 posse
1185 2643 1304 2724 putabis

405 2756 458 2820 Sat
480 2756 593 2827 lacere3
617 2755 682 2834 ipse
704 2755 814 2816 etenim
837 2754 1001 2833 impedior,
1025 2755 1070 2815 sic
1093 2755 1236 2834 opprimit
1256 2771 1349 2834 angor

407 2867 465 2928 Cor
486 2865 643 2926 miserans.
687 2865 797 2926 lterum
820 2864 870 2926 bic
892 2865 1008 2943 coepit:
1032 2865 1083 2926 Sic
1104 2865 1161 2926 iste
1184 2875 1322 2945 capessat

406 2977 552 3052 Ingenua,
577 2993 651 3054 quae
673 2973 762 3036 verba
786 2981 872 3036 orant
892 2983 957 3048 tua,
982 2993 1102 3036 earcere
1124 2975 1260 3036 inarato

356 3090 388 3143 85
407 3085 432 3146 0
456 3085 552 3146 anima
576 3085 706 3157 inclusa,
729 3085 808 3145 haud
831 3084 1126 3164 quaerenli'taedcat
1146 3104 1236 3146 unum

406 3196 471 3256 lloo
492 3195 604 3274 pariter
624 3203 790 3256 monstrare
813 3194 900 3267 mihi,
925 3193 974 3272 qui
996 3195 1061 3267 fiat,
1085 3207 1117 3256 ut
1138 3196 1205 3256 istis

406 3305 509 3367 Vincta
531 3306 629 3366 anima
652 3305 681 3366 in
704 3305 792 3366 nodis
814 3304 942 3378 habitet,
965 3303 1026 3377 vel,
1049 3304 1074 3364 si
1098 3324 1155 3384 que
1178 3307 1302 3367 facultas

405 3416 460 3476 list
480 3415 550 3488 tihi,
574 3415 622 3476 dic
642 3415 732 3488 mibi,
755 3433 827 3476 num
849 3431 885 3476 ex
906 3414 1048 3474 membris
1071 3431 1138 3476 sese
1157 3415 1218 3477 ulla
1241 3416 1370 3477 resolvat

407 3524 544 3586 Talibus:
567 3526 682 3586 interea
704 3541 813 3602 magno
836 3523 993 3585 conamine
1014 3532 1136 3586 truncus

355 3643 390 3694 ab
406 3635 564 3714 Exspirarc
587 3635 714 3696 animam
737 3634 816 3694 renti
839 3653 872 3696 se
894 3641 1008 3694 vertere
1030 3633 1061 3695 in
1083 3634 1156 3696 istas

407 3746 517 3806 Voces:
540 3744 621 3805 llaec
642 3744 773 3805 breviter
793 3744 880 3806 robis
900 3761 1045 3824 responsa
1067 3744 1224 3806 dabuntur.

407 3855 445 3916 Ut
466 3855 594 3934 primum
617 3854 758 3916 membris
782 3855 898 3917 animae
921 3855 1012 3916 effera
1034 3854 1092 3916 vita
1113 3855 1228 3918 recedit

409 3964 566 4044 Corporis,
588 3965 667 4026 unde
689 3964 752 4026 suis
775 3983 807 4026 se
830 3965 936 4025 avulsit
956 3963 1069 4026 viribus
1091 3983 1154 4038 usa,

409 4075 543 4136 Tartarei
565 4075 641 4136 banc
661 4074 795 4136 barathri
816 4075 913 4136 Minos
936 4073 966 4134 in
989 4073 1116 4154 septima
1138 4082 1221 4153 septa

358 4187 390 4240 95
408 4183 511 4255 Mittit,
535 4193 565 4245 et
584 4185 659 4246 baec
679 4185 761 4246 eadit
780 4184 813 4244 in
834 4183 954 4257 silvam,
977 4201 1033 4246 nec
1055 4193 1136 4246 certa
1156 4195 1267 4274 parata·¹
1280 4193 1328 4246 est

409 4293 518 4367 Sedes3
542 4301 571 4354 et
593 4310 779 4373 quocumque
801 4292 883 4354 illam
905 4311 971 4354 sors
990 4293 1130 4374 projicit,
1152 4293 1217 4354 illic

410 4403 581 4477 Permanet,
604 4415 695 4483 utque
717 4422 787 4464 asae
809 4403 931 4480 granum
954 4421 1007 4464 sua
1030 4403 1163 4482 germina
1185 4403 1286 4465 trudit.
1380 4473 1383 4482 ¹

408 4512 522 4576 Deinde
543 4513 575 4574 iu
596 4513 752 4592 virgultum
774 4512 964 4593 plantamque
986 4513 1116 4592 assurgit
1136 4521 1293 4592 agrestem.
1408 4589 1416 4600 .
