3362 5414
711 569 889 637 emmeno

327 770 396 850 lpse
415 774 516 830 moret
536 765 686 830 desiderio
707 766 877 832 llemmanls
898 776 929 831 et
948 787 1059 832 amere.

327 869 390 934 Nec
409 867 507 932 solum
528 868 627 930 fecere
647 867 746 956 iidem,
768 869 902 952 subjecta
922 870 1004 933 fideli

329 971 411 1052 Quae
431 969 506 1032 mibi
526 976 597 1032 sunt
616 967 713 1044 oculo,
733 970 780 1032 vel
803 989 878 1052 quae
900 978 1029 1034 scrutata
1050 970 1230 1052 protundum

328 1071 412 1134 Mens
433 1071 561 1134 bumana
581 1070 680 1139 refert,
703 1072 756 1132 sed
776 1071 977 1134 veriluoidus
997 1071 1103 1146 imber,

330 1169 388 1245 Qui
408 1171 484 1252 pluit
504 1171 575 1234 bino
595 1170 687 1251 large,
708 1171 791 1234 blose
812 1172 953 1235 fundente
974 1172 1192 1254 Prophetisque

274 1313 276 1320 ,
328 1269 367 1336 Et
385 1270 523 1348 Psalmis,
544 1271 704 1353 Evangelio
726 1272 871 1354 turbaque
891 1273 1037 1354 probante

328 1372 501 1435 vestrorum
522 1373 602 1451 (nam
623 1393 676 1436 vos
698 1373 781 1437 illum
802 1373 967 1455 scripsistis
988 1371 1027 1436 ob
1049 1373 1157 1454 iguem,

331 1472 390 1547 Qu
410 1493 464 1536 vos
484 1475 611 1544 inseruit
628 1475 732 1554 Divis),
754 1484 910 1557 remusque
932 1474 1018 1541 lateri

329 1574 404 1636 Sum
423 1585 485 1638 tres
505 1595 651 1656 personas
672 1584 817 1678 aeternas,
839 1596 967 1658 esseque
988 1594 1093 1640 eorum

329 1675 381 1737 Sic
401 1695 494 1738 unum
513 1678 692 1759 trinumque,
713 1686 747 1740 ut
767 1687 796 1742 et
817 1698 848 1743 ea
868 1679 1006 1761 patiatur,
1029 1685 1060 1742 et
1080 1679 1152 1741 estis

327 1775 526 1859 conjunctim

280 1875 388 1970 Talis,
423 1879 555 1976 qualem
577 1880 630 1956 bis
667 1879 824 1978 exemplis
859 1879 1012 1956 audimus
1048 1888 1082 1952 et
1107 1877 1351 1973 cognoscimus,
1378 1876 1414 1950 in

178 2006 270 2069 tanto
296 2005 395 2093 poeto
420 2006 472 2069 est
491 1996 642 2070 Piazua
668 1997 832 2097 interpres
848 1997 1000 2074 baticus.
1031 1996 1142 2070 Nihilo
1158 2008 1269 2070 tamen
1289 1994 1413 2087 minus,

179 2115 237 2212 qui
257 2124 309 2188 est
332 2113 505 2188 homiuum
529 2116 734 2212 vituperandi
760 2116 920 2214 pruritus,
947 2124 1056 2207 erunt,
1082 2113 1138 2212 qui
1165 2137 1242 2186 eum
1267 2112 1323 2187 hic
1347 2113 1415 2188 illio

173 2233 244 2309 sibi
269 2235 380 2320 minus
405 2232 607 2316 satisfecisse
633 2234 857 2328 conclament,
890 2233 946 2332 qui
971 2232 1036 2306 boc
1060 2233 1156 2306 illove
1181 2255 1278 2304 versu
1303 2231 1414 2306 minus

176 2373 355 2424 numerose
392 2361 530 2424 sonante
568 2353 744 2450 minusque
787 2362 861 2449 apte
903 2352 1040 2425 cadente
1083 2349 1311 2443 offendantur,
1358 2347 1415 2446 qui

177 2467 266 2538 hano
289 2465 418 2541 illamve
441 2468 618 2543 verborum
644 2463 923 2544 constructionem
947 2467 1047 2543 nimis
1078 2467 1278 2560 obsoletam,
1311 2466 1416 2542 inusi-

178 2596 300 2682 tatum,
324 2586 519 2686 placitisque
545 2590 833 2684 grammaticorum
859 2589 968 2664 minus
994 2585 1244 2661 convenientem
1269 2584 1305 2662 iu
1326 2583 1416 2680 judi·

179 2703 270 2782 cium
294 2715 412 2778 vocent
438 2715 471 2783 et
497 2706 752 2805 damnent„qui
779 2709 861 2781 adeo
888 2707 1011 2808 aliquid
1028 2705 1333 2797 barbarismorum,
1359 2703 1416 2802 qui

60 2830 63 2836 “
179 2823 347 2922 dicuntur,
373 2849 489 2922 sapere
515 2825 645 2922 singula
670 2836 851 2900 autument.
866 2851 877 2858 ·
895 2825 939 2898 Hi
964 2825 993 2899 si
1017 2824 1102 2897 bene
1125 2821 1418 2922 circumspexerint

180 2951 215 3014 et
251 2942 422 3039 paulisper
460 2944 766 3040 consideraverint,
806 2945 909 3039 louge
949 2942 1178 3016 dillleillimum
1211 2965 1285 3014 esse
1317 2949 1350 3012 et
1381 2940 1417 3012 iu

178 3059 290 3134 verbis
317 3071 351 3132 et
376 3061 411 3133 in
427 3061 611 3156 sententiis,
638 3073 928 3160 quantumcunque
944 3060 1016 3134 fieri
1033 3070 1154 3158 potest,
1168 3068 1284 3159 poetue
1302 3081 1417 3130 receu-

181 3177 276 3251 tioris
303 3176 373 3250 aevi
399 3179 433 3252 in
466 3180 613 3276 linguam
643 3179 794 3256 Latinum
819 3157 1054 3276 ¹transferendo
1088 3202 1218 3252 servare
1253 3177 1351 3249 fidem
1385 3185 1419 3246 et

181 3297 298 3369 eedem
325 3321 424 3394 opere
450 3299 621 3373 emendate
647 3300 878 3396 eleganterque
902 3293 1011 3395 loqbi5
1036 3297 1151 3390 iidem,
1177 3295 1363 3393 inquimus,
1389 3293 1418 3364 si

180 3415 418 3512 perpenderint
435 3401 438 3408 ’
455 3401 490 3490 et
520 3441 633 3490 secum
667 3417 910 3515 reputaverint,
951 3413 1041 3514 ipsos
1081 3415 1169 3486 viros
1209 3409 1418 3484 doctissimos

181 3533 380 3631 linguaeque
406 3533 542 3607 Latinae
566 3536 807 3637 peritissimos,
840 3535 875 3606 in
906 3532 1089 3632 pangendis
1113 3529 1323 3642 potissimum
1349 3553 1418 3602 car·

182 3650 341 3744 minibus,
356 3652 425 3725 lere
450 3677 619 3752 nunquam
645 3655 725 3728 satis
751 3664 839 3727 tutos
866 3677 951 3747 esse,
979 3651 1058 3750 quin
1086 3649 1164 3748 quid
1179 3649 1213 3721 in
1232 3673 1419 3722 sermonem

181 3793 304 3866 purum
330 3781 426 3868 etque
453 3774 662 3846 emendatum
687 3782 837 3871 peccent,
864 3772 959 3869 eique
986 3769 1195 3866 inopinantes
1212 3767 1308 3841 alieni
1325 3768 1419 3865 quid·

181 3887 258 3959 dam
284 3897 318 3958 et
341 3887 489 3983 ipsorum
513 3891 647 3986 linguae
671 3893 795 3988 petrice
820 3890 945 3987 proprii
971 3889 1197 3979 immisceant,
1223 3893 1296 3960 non'
1313 3886 1421 3958 solum

186 4005 389 4102 aliquantum
426 4007 465 4078 de
492 4009 665 4081 severitate
698 4008 991 4082 animadversionis
1026 4029 1104 4080 suae
1136 4003 1323 4098 remittent,
1361 4003 1420 4076 sed

182 4123 282 4195 etiam
300 4122 497 4220 intelligent,
505 4127 652 4200 Prszzuu
672 4127 817 4226 perbene
832 4127 1035 4228 probavisse,
1054 4125 1165 4197 adres
1181 4122 1420 4198 diversissimus

181 4242 308 4315 traduci
334 4267 434 4339 posse
459 4245 741 4340 linguaeLatinae
767 4246 958 4342 ingenium,
986 4243 1077 4343 quid,
1104 4241 1192 4340 quod
1212 4237 1421 4314 admirabun-

182 4369 247 4454 tur,
274 4361 503 4436 Prolessorem
528 4361 738 4438 Vieentinum
762 4365 797 4437 in
823 4365 874 4437 via
900 4363 1001 4437 ardua
1028 4372 1061 4434 et
1085 4361 1181 4457 plena
1198 4359 1421 4457 periculorum

182 4489 250 4552 tam
282 4477 368 4552 bene
402 4481 553 4576 stetisse,
589 4484 690 4558 tantis
717 4482 963 4557 difficultatibus
996 4479 1191 4578 impeditum
1223 4501 1295 4550 rem
1327 4499 1421 4548 suam

181 4606 249 4671 tam
280 4597 411 4672 fortiter
431 4600 576 4696 gessisse
599 4612 634 4676 et
654 4603 831 4699 gloriosam
851 4589 1015 4699 quandam
1034 4598 1206 4672 victoriam
1222 4605 1420 4693 reportasse.
