3214 5400
350 571 409 632 142
789 575 968 627 runettotan
986 577 1016 628 ii.

362 803 396 855 3⁰
414 793 547 866 Palmas3
570 808 640 856 aare
662 793 716 856 tibi
738 793 876 856 coriatis
899 796 1020 857 nuntius
1042 795 1143 871 anian

410 905 474 966 tam
497 903 551 965 tibi
574 903 726 980 confinget
746 904 822 966 tales
844 913 981 984 spectare
1002 906 1168 969 ministros.
1358 987 1361 998 .

412 1014 522 1088 Cerne,
545 1021 577 1074 ut
598 1021 720 1093 spernat
741 1031 815 1093 opes
835 1014 994 1089 humanas,
1018 1030 1074 1078 nee
1095 1016 1167 1078 velit
1188 1015 1280 1078 utinm
1410 1037 1412 1044 ’

411 1124 529 1198 velum,
552 1142 609 1184 nec
630 1141 744 1184 remum
765 1133 897 1203 praeter,
921 1123 1029 1204 quihus
1051 1125 1173 1199 emieat,
1197 1127 1259 1190 aias

410 1234 470 1295 Per
490 1241 550 1294 tam
572 1232 743 1313 longinquis
766 1233 905 1294 distantia
927 1233 1026 1296 littera
1048 1236 1148 1297 terris.

361 1352 394 1406 55
410 1343 554 1422 Adspice,
577 1350 610 1404 ut
630 1352 762 1404 arrectas
785 1343 821 1404 ad
845 1343 959 1405 eoelum
981 1342 1031 1404 hin
1053 1349 1122 1406 aera
1144 1354 1265 1408 tranans

410 1452 546 1532 Explicet
566 1460 703 1514 aeternae
724 1465 853 1532 pennae,
878 1470 954 1532 quaa
973 1469 1098 1518 eernere
1119 1473 1180 1518 non
1202 1465 1249 1518 ast

411 1563 560 1642 Tempore
580 1571 711 1624 mutatas
730 1561 863 1622 mortalia
884 1581 970 1626 naara
991 1563 1101 1644 capilli.

409 1674 499 1746 Dein,
522 1679 634 1753 quanto
654 1671 778 1751 propius
800 1672 983 1752 propiusque
1006 1684 1175 1738 accesserat
1196 1675 1259 1737 alas

409 1783 548 1856 Divinus,
570 1789 653 1843 tanto
674 1781 861 1844 manifestior
881 1781 931 1844 iiie
952 1783 1081 1846 micabat

358 1897 393 1950 tt
410 1892 511 1965 Clare,
533 1901 567 1954 ut
587 1899 689 1952 nostra
711 1889 791 1952 aries
813 1891 988 1971 adspectum
1009 1893 1090 1954 terre
1111 1895 1248 1974 nequiret

410 2003 566 2077 Cominus3
590 2010 637 2063 ast
657 2001 688 2062 in
709 1999 832 2062 humum
852 2001 941 2062 defixi
962 2001 1072 2064 lumina
1093 2003 1187 2066 visne.

450 2113 545 2223 Atque
567 2111 617 2172 hit
639 2109 783 2190 applicuit
803 2111 878 2191 ripis
900 2111 1062 2189 agilissima
1084 2114 1208 2192 cymbae

408 2223 501 2286 Texta
523 2221 611 2294 levis,
634 2222 680 2282 sia
699 2227 732 2280 nt
752 2221 816 2299 pini
838 2221 914 2282 nihii
934 2222 1069 2284 hanurit
1087 2223 1176 2285 unda.

407 2333 442 2394 ln
464 2331 557 2412 puppi
580 2329 680 2392 stabat
699 2330 841 2392 eoelestis
862 2334 974 2404 navita,
997 2331 1064 2393 taiis

356 2450 390 2503 55
408 2442 441 2502 ln
463 2443 576 2514 inante,
600 2451 633 2500 ut
653 2438 768 2518 legeres
790 2440 871 2502 hane
890 2441 973 2502 amni
995 2459 1032 2503 ex
1052 2451 1137 2521 parte
1157 2441 1294 2519 heatnnr3

406 2551 444 2613 Et
466 2548 550 2612 turba
573 2549 744 2610 umbrarum
765 2549 833 2628 plus
856 2565 944 2629 quam
966 2559 1091 2612 centana
1112 2552 1257 2615 sedebant

407 2661 565 2722 Cantantes
587 2660 682 2732 intus,
706 2675 782 2738 qnae
803 2669 885 2722 vates
907 2661 1037 2722 earmina
1058 2661 1148 2723 David

405 2769 522 2843 Edidit,
544 2768 666 2848 aegypti
689 2768 726 2830 rie
748 2769 857 2832 tinibus
879 2771 1066 2848 egrediantes

403 2879 533 2942 iudaeos
554 2895 739 2952 memorans,
761 2895 797 2941 at
816 2880 936 2942 andem
958 2889 1043 2942 exuta
1065 2881 1178 2944 eatenis

342 2994 389 3058 ,5ο
405 2989 529 3051 Brachia
550 2987 731 3063 barbaricis;
752 2996 783 3050 et
804 2995 868 3050 erat
888 3009 945 3051 vex
966 2991 1104 3052 omnibns
1126 3011 1194 3054 nna.

405 3100 442 3160 Ut
464 3101 551 3160 cruca
574 3098 700 3177 signarit
722 3106 859 3171 cunctas,
882 3099 949 3160 tulit
968 3097 1101 3178 impetus
1119 3101 1185 3164 iilas

404 3208 439 3269 ln
460 3216 579 3270 terram.
623 3208 683 3269 Ista
706 3209 780 3282 aito,
804 3225 863 3287 qtae
886 3227 975 3270 eursu
996 3220 1132 3284 venerat,
1156 3211 1224 3274 inde

403 3318 447 3378 Ex
469 3317 569 3379 neniis
588 3317 671 3378 abiit.
714 3318 792 3390 Sari,
815 3335 891 3398 qnae
911 3318 974 3380 iiiia
994 3319 1080 3382 turba
1101 3322 1254 3395 remansit,

404 3427 450 3489 Ire
471 3427 625 3489 videbatur
644 3427 742 3500 rudis,
766 3435 854 3507 atque
876 3428 977 3506 ignara
999 3429 1143 3504 lacernas

353 3539 386 3592 55
404 3536 687 3616 circumspectante
707 3538 785 3600 haud
808 3537 908 3611 aliter,
933 3555 1020 3618 qaam
1041 3542 1092 3619 qni
1114 3557 1189 3603 nora
1210 3549 1313 3604 tentat.

446 3645 534 3708 Omni
556 3657 696 3726 exparte
718 3648 797 3708 diam
819 3647 886 3708 tetis
909 3649 1033 3725 rirgeiat
1053 3651 1146 3712 aentia

404 3753 470 3828 Sol,
494 3756 544 3836 qui
566 3757 753 3836 armigeram
774 3756 929 3837 expulerat
947 3757 1047 3820 madio
1069 3760 1187 3822 aethere
1210 3777 1349 3840 eaprunu

285 3875 286 3878 ’
403 3865 477 3926 Cum
499 3881 573 3928 nara
597 3883 670 3944 garta
691 3867 727 3928 ad
749 3885 806 3928 nos
828 3868 942 3930 sublata
965 3869 1063 3932 fronte
1083 3869 1182 3930 locuta
1205 3879 1271 3932 eet:

403 3974 435 4036 si
458 3981 527 4035 nota
549 3983 596 4037 est
616 3976 720 4049 vehis,
739 3993 819 4056 quae
841 3979 879 4040 ari
899 3987 1030 4040 nomem
1052 3978 1157 4040 semita
1179 3979 1268 4051 danie

352 4093 385 4145 st
401 4083 485 4146 Hane
506 4084 597 4146 nobis
615 4093 790 4148 monstrate.
809 4121 852 4132 —-
872 4088 936 4149 titis
958 4087 1018 4149 dua
1038 4087 1109 4148 talia
1128 4099 1248 4150 tonnas
1289 4123 1293 4132 ·

400 4193 462 4253 Nos
484 4193 565 4255 huna
585 4195 664 4256 haud
685 4197 803 4258 nescire
825 4195 925 4258 naun
944 4215 997 4258 ras
1020 4197 1096 4258 torn
1117 4197 1244 4276 petatis,

400 4302 536 4364 Attamen
558 4304 629 4378 hae,
652 4313 686 4366 ut
705 4323 773 4380 vos,
796 4307 945 4386 peregrini
967 4321 1103 4370 mamus
1122 4309 1154 4370 in
1176 4327 1237 4369 ora.

400 4412 467 4473 Huc
488 4413 567 4474 aliud
589 4431 647 4494 per
664 4415 722 4476 itar
743 4433 799 4476 nos
821 4416 913 4494 paule
931 4418 1066 4480 venians
1088 4426 1166 4490 ante,

400 4521 616 4604 Asperitasqne
635 4525 699 4587 riae
721 4543 777 4588 nos
799 4525 867 4587 talis
887 4533 1032 4607 taataqrae
1051 4528 1150 4607 tagit,
