3362 5414
681 551 748 606 111
770 553 901 607 ruzam
1325 577 1412 621 aava

172 737 300 802 contulit
320 737 431 800 animo.
475 737 569 800 Tanto
591 736 670 802 enim
692 737 814 812 ardore,
836 745 918 801 tanta
940 737 1112 803 dexteritate
1140 740 1290 820 elegantes
1309 741 1412 806 literas

172 840 355 918 altioresque
378 837 529 914 doctrinas
551 839 674 902 tradidit
694 839 832 914 alumnis,
856 839 894 904 ab
916 842 997 902 omni
1019 841 1093 904 lucri
1114 843 1275 923 cupiditate
1295 850 1357 904 tam
1378 863 1412 906 se

172 940 308 1004 exhibuit
328 938 467 1013 alienum,
488 948 530 1012 ut,
553 948 699 1020 quotquot
718 939 866 1016 babuerit,
889 943 1056 1005 auditorum
1075 941 1134 1005 sibi
1143 943 1318 1006 conciliaret
1328 963 1411 1006 amo·

170 1061 255 1104 rem:
287 1059 412 1122 quorum
435 1051 517 1120 grata
537 1043 679 1104 memoria
701 1059 739 1104 ne
760 1042 850 1112 bodie
872 1041 993 1122 quidem
1014 1044 1123 1106 excidit
1143 1044 1271 1122 insignis
1292 1046 1357 1125 ejus
1379 1044 1411 1106 in

170 1144 308 1207 docendo
329 1143 493 1218 evidentia,
517 1161 574 1223 qua
596 1151 626 1204 et
645 1143 844 1206 abstrusiores
866 1142 1085 1224 disputationes
1106 1145 1142 1208 ad
1164 1146 1296 1208 omnium
1323 1145 1412 1208 intel·

169 1242 280 1308 lectum
302 1243 457 1306 enodabat
500 1243 686 1325 lquuisitum
707 1244 772 1325 ejus
794 1245 824 1307 11
846 1244 941 1306 literis
966 1243 1112 1326 judicium
1139 1246 1335 1309 conformavit
1360 1263 1410 1308 as·

170 1346 258 1408 sidua
278 1344 367 1407 lectio
389 1343 568 1425 scriptorum
590 1345 670 1426 apud
692 1345 823 1408 Graecos
845 1347 1034 1409 etRomanos
1056 1337 1259 1420 classicorum,
1280 1347 1312 1409 in
1335 1365 1410 1427 quo·

169 1466 237 1509 rum
260 1447 433 1508 sociotatem
454 1446 572 1526 priseos
601 1447 692 1509 etiam
714 1445 882 1508 Italicarum
911 1446 1065 1510 literarum
1091 1455 1231 1528 parentes
1257 1450 1410 1512 vocandos

170 1567 251 1636 esse!
266 1547 430 1612 censebat.
465 1548 490 1610 Α
516 1547 716 1612 recentiorum
744 1555 896 1610 auctorum
925 1548 1023 1610 studio
1052 1566 1172 1628 semper
1201 1546 1258 1610 fuit
1284 1549 1409 1624 alienus,

170 1649 394 1730 discipulosque
415 1648 452 1711 ab
474 1667 578 1716 eorum
598 1648 749 1710 illecebris
770 1649 997 1728 diligentissime
1017 1649 1180 1730 probibuit.

255 1765 376 1829 Interim
397 1785 467 1829 vero
489 1766 614 1840 adversi,
638 1767 688 1845 qui
710 1766 850 1852 familiam
862 1767 987 1828 Putate
1010 1767 1186 1836 afflixenrnt,
1202 1783 1410 1829 casusnovum

170 1868 376 1948 ingratumque
398 1886 535 1930 curarum
557 1867 786 1930 domesticarum
807 1868 835 1929 ei
856 1866 1063 1948 imposuerunt
1083 1887 1170 1942 onus,
1191 1868 1409 1947 equolessum

169 1970 301 2031 animum
322 1981 356 2030 ut
377 1969 563 2049 aliquatenus
590 1977 759 2042 recrearet,
788 1967 912 2031 arduum
944 1987 1020 2048 opus
1048 1969 1249 2032 Pindarico
1278 1969 1409 2032 carmina

168 2071 273 2133 Italico
294 2078 389 2132 metro
412 2071 556 2132 reddendi
574 2071 636 2151 iam
658 2071 721 2132 fere
735 2069 1005 2150 quinquagenarius
1027 2070 1160 2151 suscepit
1178 2077 1408 2150 susceptumque

168 2171 247 2233 intra
270 2172 396 2233 duorum
417 2171 578 2232 lustrorum
607 2171 701 2255 spatia
728 2169 855 2232 feliciter
881 2163 1016 2232 absolvit.
1064 2172 1100 2233 ln
1127 2170 1302 2251 olympicis,
1331 2189 1408 2250 qnae

169 2273 251 2334 solae
278 2273 423 2334 hactenus
457 2272 546 2352 (typis
573 2267 731 2333 Seminarii
758 2272 905 2348 Patavini),
928 2271 1026 2333 lucem
1052 2271 1209 2345 viderunt,
1238 2271 1408 2350 gravitatem

167 2372 356 2436 Pindarieam
378 2370 594 2452 sublimemque
615 2372 691 2434 vatis
720 2367 853 2435 'fbebaui
882 2373 1101 2453 simplieitatem
1129 2372 1240 2452 optime
1261 2372 1408 2435 redditam

168 2493 252 2548 esse,
274 2473 452 2553 Italicosque
473 2492 577 2534 versus
599 2489 660 2535 non
684 2473 780 2534 solum
809 2473 938 2535 auctoris
967 2472 1144 2536 sententiam
1171 2473 1298 2536 fideliter
1325 2474 1407 2536 exhi-

165 2575 249 2648 bere,
273 2575 325 2636 sed
349 2583 380 2636 et
400 2569 590 2656 stropharum
612 2574 790 2636 Graecarum
818 2574 1005 2655 majestatem
1025 2575 1160 2654 proxime
1183 2574 1279 2656 sequi,
1300 2576 1406 2636 barum

165 2695 267 2739 rerum
288 2675 378 2757 periti
398 2676 530 2737 unanimi
547 2675 755 2757 judicaverunt
777 2693 938 2738 consensu.

250 2794 316 2856 Jam
338 2810 499 2854 senescens
522 2800 552 2854 et
572 2801 641 2872 post
661 2792 897 2874 propinquorum
925 2793 1039 2855 obitum
1062 2794 1124 2856 fere
1135 2811 1213 2855 unus
1232 2812 1266 2854 11
1278 2799 1339 2854 tota
1362 2795 1405 2856 fa-

165 2885 249 2957 milia
271 2901 433 2974 superstes,
443 2893 606 2960 reluctante
629 2893 727 2962 animo
748 2895 844 2974 patria
866 2894 1015 2968 discessit,
1037 2895 1258 2973 licentiamque
1280 2893 1407 2957 contulit

164 2995 268 3057 larem.
318 2995 526 3059 Discedentem
561 2995 711 3056 communi
745 2995 848 3058 dolore
882 3003 912 3057 et
943 2994 1093 3058 desiderio
1125 2995 1302 3075 prosequuti
1335 3002 1407 3056 sunt

167 3095 307 3170 Schiani3
336 3091 482 3158 licemini
504 3093 612 3157 novu'rn
641 3095 733 3157 civem
761 3104 866 3177 parato
895 3096 1060 3178 primorum
1089 3096 1328 3177 optimorumque
1350 3096 1405 3158 ho·

167 3196 259 3277 spitio
280 3195 580 3258 honorificentissime
603 3205 792 3278 exceperunt.

251 3313 449 3392 Sexagenario
477 3313 574 3394 major
603 3313 730 3394 juvenili
757 3315 875 3376 fervore
903 3313 1033 3375 [fantis
1059 3313 1197 3388 [divinum
1225 3332 1345 3376 carmen
1373 3313 1404 3374 iu

166 3413 289 3476 Latinos
300 3415 460 3476 transferre
481 3433 585 3476 versus
605 3414 726 3476 molitus
748 3423 803 3488 est,
826 3415 995 3476 indefessus
1016 3413 1214 3493 perseveravit
1230 3413 1260 3474 in
1275 3431 1403 3494 operoso

166 3515 283 3590 labore,
306 3533 404 3596 neque
426 3515 540 3577 destitit
561 3515 698 3595 inceptis,
721 3515 781 3577 nisi
802 3515 902 3594 operis
924 3514 1059 3594 vitaeque
1080 3521 1190 3575 metam
1211 3513 1319 3575 iisdem
1341 3514 1403 3576 fere

165 3615 272 3678 diebus
300 3625 512 3698 consequutus.
555 3616 620 3679 lloc
651 3634 741 3677 unum
765 3625 827 3683 erat
848 3615 981 3678 solamen
1003 3615 1209 3677 incommodae
1231 3619 1401 3691 senectutis,

163 3716 197 3777 bi
231 3725 352 3779 conatus
385 3717 567 3798 praebebant
599 3717 755 3779 materiam
790 3716 1080 3780 confabulationibus
1109 3734 1176 3777 cum
1203 3715 1299 3778 doctis
1328 3717 1401 3778 ami-

164 3817 226 3890 cis,
255 3816 286 3878 in
306 3818 355 3880 his
376 3819 535 3898 praecipue
556 3819 750 3880 versabantur
771 3819 835 3898 ejus
857 3817 1009 3899 epistolae,
1032 3817 1057 3878 si
1080 3834 1153 3896 quas
1176 3817 1273 3880 dabat.
1305 3817 1403 3880 Unum

164 3918 246 3998 quod
269 3905 422 3998 supererat
444 3918 775 4004 optatumabsolutum
797 3939 873 3999 opus
894 3919 962 3981 usui
979 3917 1154 3999 judicioque
1175 3919 1307 3980 omnium
1321 3936 1401 3980 com-

161 4019 250 4092 mitti,
272 4022 373 4082 111111
395 4039 455 4082 non
476 4013 654 4101 imp'etravit.
698 4021 794 4094 Quum
818 4021 906 4093 enim,
928 4019 1072 4100 particula
1094 4018 1190 4098 aliqua
1211 4020 1311 4099 operis
1324 4021 1401 4102 typis

162 4120 321 4182 Seminarii
342 4120 481 4184 Patavini
502 4121 653 4202 descripta
675 4121 761 4200 eique
789 4140 845 4201 per
866 4120 1028 4200 discipulos
1051 4120 1274 4198 congratulandi
1296 4139 1401 4184 caussa

162 4220 280 4296 oblata,
304 4221 368 4302 jam
391 4231 470 4284 esset
492 4222 522 4284 in
545 4242 591 4297 eo,
613 4231 645 4284 ut
667 4241 720 4302 spe
743 4240 797 4283 sua
817 4221 979 4302 potiretur,
1009 4219 1090 4297 gravi
1111 4221 1216 4282 morbo
1239 4240 1400 4303 oppressus

161 4322 477 4402 consolationibusque
498 4323 568 4386 fidei
586 4323 770 4386 Christianae
793 4329 973 4384 sustentatus
995 4339 1072 4383 anno
1088 4321 1175 4403 hujus
1195 4322 1306 4384 saeculi
1328 4341 1400 4402 qua-

159 4421 332 4501 dragesimo
355 4431 458 4503 quarto
480 4441 576 4504 aequo
605 4431 767 4505 paratoque
796 4424 894 4486 animo
925 4421 1005 4486 diem
1032 4423 1108 4484 obiit
1133 4441 1315 4503 supremum.
1363 4421 1401 4484 Ut

157 4542 231 4585 vero
260 4523 366 4588 Divina
394 4524 555 4606 Comoedia
582 4525 688 4586 Latine
714 4523 793 4586 faeta
821 4526 923 4604 (quam
945 4523 1139 4586 Leonardo
1168 4524 1269 4588 comiti
1298 4521 1399 4584 'fris-
