3362 5414
318 605 340 667 4
770 603 964 657 lllFllltNOllUld
985 605 1003 654 l.

263 558 1498 1006 {mmm—w

262 805 264 808 Ι
336 824 501 892 1513313131
522 843 626 887 rursus
649 824 708 899 sic,
732 833 764 886 ut
785 844 838 906 pes
861 824 974 887 11313131
995 833 1077 886 esset
1553 840 1558 847 ·

387 933 515 996 11131131
537 954 663 1016 semper.
707 934 791 997 'lunc
813 954 908 1015 paene
931 934 962 998 in
983 933 1086 995 limine
1108 931 1205 1014 primo

387 1046 553 1118 Ascensus,
575 1044 719 1125 panthera
742 1045 816 1107 levis
838 1043 1028 1124 rapidissima
1051 1061 1139 1120 cursu

387 1155 465 1215 Ecce
488 1154 561 1216 mibi
584 1153 728 1228 occurrit,
752 1153 904 1216 maculoso
927 1153 1056 1232 tegmine
1080 1151 1206 1230 fulgens.
1300 1131 1303 1138 ⁴

387 1263 424 1325 Et
445 1281 595 1344 nunquam
617 1275 685 1326 ante
707 1282 791 1325 meos
814 1263 917 1325 oculos
939 1260 1094 1324 discedere
1116 1263 1180 1324 visa
1202 1268 1257 1336 est,

338 1390 371 1442 ac
387 1373 481 1434 lmmo
504 1392 601 1436 meum
624 1373 808 1454 impediebat
829 1372 886 1434 iter
907 1371 967 1447 sic,
990 1383 1024 1433 ut
1044 1371 1120 1451 pede
1142 1389 1229 1434 verso

388 1485 484 1564 Saepe
506 1483 579 1544 mibi
603 1500 724 1561 gressus
746 1482 838 1546 luerit
858 1501 942 1544 mens
965 1488 1044 1543 certa
1065 1481 1188 1544 referre.

430 1593 561 1674 Tempus
582 1601 661 1665 erat,
685 1611 752 1654 cum
774 1611 861 1679 mane
883 1601 959 1653 novo
982 1591 1030 1653 lux
1053 1589 1180 1670 dissipat
1201 1589 1329 1660 nnrbras,

388 1702 500 1784 Solque
522 1703 704 1766 ascendebat
725 1701 819 1764 stellis
842 1700 1041 1764 circumdatus
1063 1699 1133 1774 illis,

389 1813 471 1886 Quas
494 1811 598 1874 habuit
619 1831 735 1885 secum,
759 1811 818 1872 divi
843 1829 909 1896 cum
933 1812 1051 1872 dextera
1076 1807 1187 1870 amoris

339 1923 442 1984 351113
464 1921 628 2000 effingebat
646 1921 775 2002 primum
795 1911 995 2001 pulcherrima
1018 1938 1133 1992 rerum;

388 2033 427 2094 Ut
447 2050 501 2111 spe
524 2042 571 2092 sat
592 2033 688 2118 fausta
710 2031 849 2092 suaderet
870 2029 1014 2112 temporis
1036 2029 1119 2100 bora,

387 2141 465 2204 Anni
488 2152 518 2203 et
540 2141 699 2223 temperies
722 2140 903 2212 1131313133
925 2158 1016 2219 posse
1039 2137 1129 2219 potiri

387 2252 531 2313 Blandam
552 2251 631 2332 pelle
652 2252 756 2314 leram.
799 2252 836 2312 dt
858 2266 918 2312 non
940 2249 998 2321 sic,
1022 2256 1054 2309 ut
1075 2246 1208 2310 membra
1228 2263 1338 2330 pavore

389 2362 474 2423 Haud
497 2361 569 2422 mibi
592 2368 825 2431 cucumerem,
848 2359 970 2420 violenti
991 2357 1043 2420 ubi
1066 2375 1151 2420 saeva
1174 2356 1271 2418 leonis

338 2489 373 2540 40
389 2471 527 2551 Inspecta
550 2481 596 2532 est
618 2470 720 2532 facies.
762 2470 858 2549 Atque
880 2469 930 2530 bic
951 2487 1000 2530 me
1020 2469 1143 2530 tendere
1165 2474 1267 2528 contra
1298 2445 1303 2456 ⁸
1381 2479 1384 2486 ⁴

390 2579 512 2644 Cervice
534 2579 629 2652 elata,
653 2578 736 2642 rabie
757 2578 925 2640 stimulatus
947 2578 1064 2651 edendi,

389 2691 428 2753 Ut
448 2689 521 2751 mihi
543 2689 583 2750 sit
603 2688 685 2750 visus
707 2673 857 2768 ¹trepidare
879 2697 968 2770 atque
990 2687 1150 2750 intremere
1172 2691 1231 2747 311.
1272 2697 1275 2706 ’

391 2800 428 2861 Et
449 2800 519 2879 lupa
542 2807 714 2860 cunctarum
736 2797 809 2858 mihi
831 2797 895 2858 visa
918 2797 1058 2876 cupidine
1081 2815 1186 2859 rerum·

390 2910 437 2971 lre
460 2917 592 2988 gravata,
615 2908 679 2969 suis
702 2926 881 2989 quamquam
903 2907 950 2968 vix
972 2907 1092 2969 ossibus
1113 2907 1251 2977 11333313,
1312 2893 1319 2908 ’

340 3027 373 3082 tt
392 3019 476 3093 Quae
493 3009 605 3080 inultas
627 3025 730 3096 gentes
751 3018 809 3080 3113
828 3018 891 3098 jam
913 3017 1020 3079 afflixit
1040 3033 1149 3078 amara.

392 3130 465 3190 1313
488 3127 584 3208 gravis
606 3127 664 3188 ista
686 3128 759 3190 mibi
782 3127 894 3202 luerat,
917 3137 977 3190 tam
1000 3127 1105 3188 odiosa
1127 3127 1243 3198 timore,
1341 3157 1342 3162 1

393 3239 488 3312 Quem
510 3237 570 3299 vidi
593 3237 760 3311 31333113,
785 3246 906 3318 totoque
928 3257 964 3300 ex
986 3255 1037 3299 ore
1060 3237 1227 3308 micantem,

392 3349 431 3412 Ut
452 3367 506 3428 spe
529 3348 698 3411 deciderem
719 3347 855 3428 potiundi
876 3347 997 3410 verticis
1020 3347 1082 3409 alti.

393 3460 431 3521 Et
452 3459 564 3540 qualis,
587 3458 638 3538 qui
661 3459 777 3539 quaerit
799 3477 873 3543 opes
895 3459 1084 3538 cumulatque
1106 3457 1242 3528 libenter,

344 3569 495 3637 33113133
519 3576 636 3647 tompus
659 3568 756 3642 adest,
781 3568 860 3647 quod
882 3577 966 3647 parta
988 3568 1124 3629 amittere
1146 3565 1234 3644 cogit,

396 3678 471 3739 1313
493 3677 592 3740 anima
615 3676 718 3738 inielix
741 3687 771 3739 et
791 3684 890 3740 mente
914 3686 944 3738 et
964 3688 1086 3758 pectore
1108 3684 1171 3738 toto

394 3788 517 3868 Fletque
539 3787 679 3872 doletque
701 3785 804 3849 simad:
828 3786 917 3848 talem
938 3787 1105 3850 mebellua
1127 3785 1199 3848 lecit

395 3897 561 3978 irrequieta
583 3897 707 3958 adversa
724 3915 836 3970 ruens,
856 3897 918 3977 J'am
937 3896 1057 3977 jamque
1079 3896 1230 3976 repulsum
1274 3963 1277 3970 ,

398 4008 472 4070 11133
494 4007 682 4081 detrudebat,
706 4007 756 4068 ubi
779 4013 858 4068 tacet
879 4005 1029 4068 aetherius
1052 4007 1113 4068 Sol.

348 4121 381 4175 51
440 4119 478 4180 nt
499 4118 569 4179 dum
590 4117 784 4196 praecipitem
807 4135 855 4177 me
878 4116 963 4181 collis
986 4117 1023 4179 ad
1045 4115 1102 4176 ima
1126 4114 1267 4188 ferebam,

400 4225 539 4289 Occurrit
560 4228 695 4308 quidam,
719 4215 767 4288 cui
794 4227 882 4304 longa
904 4226 1023 4288 silentia
1044 4225 1136 4298 vocis,

402 4337 483 4410 Quas
504 4336 609 4426 babuit
630 4339 795 4428 quondam,
817 4336 896 4397 vires
915 4335 1045 4414 ‚fregisse
1067 4343 1205 4414 putasses

400 4447 485 4511 Hunc
509 4447 632 4509 simulac
653 4447 714 4508 vidi
735 4457 834 4508 vastae
856 4445 935 4509 inter
955 4446 1041 4507 devia
1063 4444 1163 4518 silvae,

400 4557 425 4620 0
449 4557 686 4630 misereremei,
710 4552 833 4618 clamavi
856 4564 935 4618 totus
957 4555 987 4617 in
1010 4555 1071 4628 illo,
