<?xml version="1.0" encoding="UTF-8"?>
<!DOCTYPE html PUBLIC "-//W3C//DTD XHTML 1.0 Transitional//EN"
    "http://www.w3.org/TR/xhtml1/DTD/xhtml1-transitional.dtd">
<html xmlns="http://www.w3.org/1999/xhtml" xml:lang="en" lang="en">
 <head>
  <title>
</title>
<meta http-equiv="Content-Type" content="text/html;charset=utf-8" />
  <meta name='ocr-system' content='tesseract 3.04.00' />
  <meta name='ocr-capabilities' content='ocr_page ocr_carea ocr_par ocr_line ocrx_word'/>
</head>
<body>
  <div class='ocr_page' id='page_1' title='image "./divinacomoedia01piazgoog_0031.png"; bbox 0 0 3362 5414; ppageno 0'>
   <div class='ocr_carea' id='block_1_1' title="bbox 284 507 996 560">
    <p class='ocr_par' dir='ltr' id='par_1_1' title="bbox 284 507 996 560">
     <span class='ocr_line' id='line_1_1' title="bbox 284 507 996 560; baseline -0.004 -1"><span class='ocrx_word' id='word_1_1' title='bbox 284 518 344 560; x_wconf 77' lang='lat' dir='ltr'>xxti</span> <span class='ocrx_word' id='word_1_2' title='bbox 562 539 563 543; x_wconf 62' lang='lat'><em>=</em></span> <span class='ocrx_word' id='word_1_3' title='bbox 823 507 996 557; x_wconf 75' lang='lat' dir='ltr'>resumtis.</span> 
     </span>
    </p>
   </div>
   <div class='ocr_carea' id='block_1_2' title="bbox 285 691 1527 907">
    <p class='ocr_par' dir='ltr' id='par_1_2' title="bbox 285 691 1527 907">
     <span class='ocr_line' id='line_1_2' title="bbox 285 691 1527 789; baseline 0.007 -34"><span class='ocrx_word' id='word_1_4' title='bbox 285 710 350 756; x_wconf 90' lang='lat' dir='ltr'>non</span> <span class='ocrx_word' id='word_1_5' title='bbox 379 695 430 757; x_wconf 86' lang='lat' dir='ltr'>est</span> <span class='ocrx_word' id='word_1_6' title='bbox 455 712 654 784; x_wconf 91' lang='lat' dir='ltr'>progressa,</span> <span class='ocrx_word' id='word_1_7' title='bbox 682 715 788 788; x_wconf 81' lang='lat' dir='ltr'>neque</span> <span class='ocrx_word' id='word_1_8' title='bbox 816 716 930 764; x_wconf 91' lang='lat' dir='ltr'>eorum</span> <span class='ocrx_word' id='word_1_9' title='bbox 958 692 1033 764; x_wconf 88' lang='lat' dir='ltr'>tulit</span> <span class='ocrx_word' id='word_1_10' title='bbox 1059 691 1232 786; x_wconf 76' lang='lat' dir='ltr'>suffragia,</span> <span class='ocrx_word' id='word_1_11' title='bbox 1260 691 1380 789; x_wconf 89' lang='lat' dir='ltr'>quibus</span> <span class='ocrx_word' id='word_1_12' title='bbox 1406 691 1459 763; x_wconf 93' lang='lat' dir='ltr'>his</span> <span class='ocrx_word' id='word_1_13' title='bbox 1486 691 1527 764; x_wconf 86' lang='lat' dir='ltr'>dc</span> 
     </span>
     <span class='ocr_line' id='line_1_3' title="bbox 285 801 941 907; baseline 0.017 -35"><span class='ocrx_word' id='word_1_14' title='bbox 285 801 385 874; x_wconf 90' lang='lat' dir='ltr'>rebus</span> <span class='ocrx_word' id='word_1_15' title='bbox 413 809 610 892; x_wconf 87' lang='lat' dir='ltr'>sententiam</span> <span class='ocrx_word' id='word_1_16' title='bbox 639 811 748 882; x_wconf 83' lang='lat' dir='ltr'>dicere</span> <span class='ocrx_word' id='word_1_17' title='bbox 776 811 941 907; x_wconf 88' lang='lat' dir='ltr'>competit.</span> 
     </span>
    </p>
   </div>
   <div class='ocr_carea' id='block_1_3' title="bbox 346 925 1489 4560">
    <p class='ocr_par' dir='ltr' id='par_1_3' title="bbox 346 925 1489 4560">
     <span class='ocr_line' id='line_1_4' title="bbox 409 925 1337 1038; baseline 0.006 -37"><span class='ocrx_word' id='word_1_18' title='bbox 409 940 502 1024; x_wconf 85' lang='lat' dir='ltr'><strong>Coepi</strong></span> <span class='ocrx_word' id='word_1_19' title='bbox 526 963 590 1023; x_wconf 85' lang='lat' dir='ltr'>ego,</span> <span class='ocrx_word' id='word_1_20' title='bbox 613 945 653 1010; x_wconf 92' lang='lat' dir='ltr'>mi</span> <span class='ocrx_word' id='word_1_21' title='bbox 676 933 765 1020; x_wconf 85' lang='lat' dir='ltr'>vates,</span> <span class='ocrx_word' id='word_1_22' title='bbox 780 925 900 1008; x_wconf 42' lang='lat' dir='ltr'>‘utinam</span> <span class='ocrx_word' id='word_1_23' title='bbox 924 945 1108 1028; x_wconf 23' lang='lat' dir='ltr'>nuncehisce</span> <span class='ocrx_word' id='word_1_24' title='bbox 1131 942 1248 1007; x_wconf 90' lang='lat' dir='ltr'>duobus</span> <span class='ocrx_word' id='word_1_25' title='bbox 1332 1023 1337 1038; x_wconf 86' lang='lat'>.</span> 
     </span>
     <span class='ocr_line' id='line_1_5' title="bbox 493 1044 1289 1127; baseline 0.003 -22"><span class='ocrx_word' id='word_1_26' title='bbox 493 1045 629 1125; x_wconf 84' lang='lat' dir='ltr'>Colloqui</span> <span class='ocrx_word' id='word_1_27' title='bbox 652 1065 707 1125; x_wconf 92' lang='lat' dir='ltr'>ego</span> <span class='ocrx_word' id='word_1_28' title='bbox 729 1053 850 1127; x_wconf 85' lang='lat' dir='ltr'>possem</span> <span class='ocrx_word' id='word_1_29' title='bbox 873 1047 918 1108; x_wconf 90' lang='lat' dir='ltr'>sio</span> <span class='ocrx_word' id='word_1_30' title='bbox 939 1044 1170 1127; x_wconf 81' lang='lat' dir='ltr'>procedentibus</span> <span class='ocrx_word' id='word_1_31' title='bbox 1192 1065 1261 1119; x_wconf 89' lang='lat' dir='ltr'>nna,</span> <span class='ocrx_word' id='word_1_32' title='bbox 1286 1073 1289 1082; x_wconf 62' lang='lat'><strong><em>¹</em></strong></span> 
     </span>
     <span class='ocr_line' id='line_1_6' title="bbox 357 1147 1335 1228; baseline 0.003 -21"><span class='ocrx_word' id='word_1_33' title='bbox 357 1158 389 1207; x_wconf 79' lang='lat'>75</span> <span class='ocrx_word' id='word_1_34' title='bbox 493 1147 566 1208; x_wconf 87' lang='lat' dir='ltr'>Tam</span> <span class='ocrx_word' id='word_1_35' title='bbox 590 1148 702 1210; x_wconf 77' lang='lat' dir='ltr'><strong>celeres</strong></span> <span class='ocrx_word' id='word_1_36' title='bbox 723 1158 811 1211; x_wconf 91' lang='lat' dir='ltr'>vento</span> <span class='ocrx_word' id='word_1_37' title='bbox 835 1149 884 1228; x_wconf 90' lang='lat' dir='ltr'>qui</span> <span class='ocrx_word' id='word_1_38' title='bbox 907 1149 1005 1220; x_wconf 87' lang='lat' dir='ltr'>flante,</span> <span class='ocrx_word' id='word_1_39' title='bbox 1028 1147 1168 1226; x_wconf 89' lang='lat' dir='ltr'>levesque</span> <span class='ocrx_word' id='word_1_40' title='bbox 1189 1147 1335 1210; x_wconf 90' lang='lat' dir='ltr'>videntur.</span> 
     </span>
     <span class='ocr_line' id='line_1_7' title="bbox 407 1243 1279 1329; baseline 0.001 -20"><span class='ocrx_word' id='word_1_41' title='bbox 407 1250 436 1310; x_wconf 93' lang='lat' dir='ltr'>ls</span> <span class='ocrx_word' id='word_1_42' title='bbox 459 1249 549 1309; x_wconf 87' lang='lat' dir='ltr'>mihi:</span> <span class='ocrx_word' id='word_1_43' title='bbox 574 1267 664 1328; x_wconf 85' lang='lat' dir='ltr'>quum</span> <span class='ocrx_word' id='word_1_44' title='bbox 686 1243 774 1311; x_wconf 77' lang='lat' dir='ltr'>nohis</span> <span class='ocrx_word' id='word_1_45' title='bbox 797 1250 890 1328; x_wconf 86' lang='lat' dir='ltr'>magis</span> <span class='ocrx_word' id='word_1_46' title='bbox 913 1249 1069 1310; x_wconf 88' lang='lat' dir='ltr'>advenisse</span> <span class='ocrx_word' id='word_1_47' title='bbox 1092 1248 1279 1329; x_wconf 90' lang='lat' dir='ltr'>propinquos</span> 
     </span>
     <span class='ocr_line' id='line_1_8' title="bbox 492 1341 1264 1432; baseline 0.001 -21"><span class='ocrx_word' id='word_1_48' title='bbox 492 1350 645 1432; x_wconf 77' lang='lat' dir='ltr'>Percipies&#39;¹</span> <span class='ocrx_word' id='word_1_49' title='bbox 667 1351 772 1425; x_wconf 81' lang='lat' dir='ltr'>oculis,</span> <span class='ocrx_word' id='word_1_50' title='bbox 796 1345 884 1413; x_wconf 89' lang='lat' dir='ltr'>simul</span> <span class='ocrx_word' id='word_1_51' title='bbox 905 1351 970 1430; x_wconf 92' lang='lat' dir='ltr'>ipse</span> <span class='ocrx_word' id='word_1_52' title='bbox 992 1341 1163 1430; x_wconf 87' lang='lat' dir='ltr'>precaberis</span> <span class='ocrx_word' id='word_1_53' title='bbox 1187 1349 1264 1424; x_wconf 89' lang='lat' dir='ltr'>illos,</span> 
     </span>
     <span class='ocr_line' id='line_1_9' title="bbox 491 1443 1376 1532; baseline 0.001 -19"><span class='ocrx_word' id='word_1_54' title='bbox 491 1452 557 1524; x_wconf 90' lang='lat' dir='ltr'>Per,</span> <span class='ocrx_word' id='word_1_55' title='bbox 581 1452 632 1530; x_wconf 90' lang='lat' dir='ltr'>qui</span> <span class='ocrx_word' id='word_1_56' title='bbox 654 1452 736 1514; x_wconf 91' lang='lat' dir='ltr'>ducit</span> <span class='ocrx_word' id='word_1_57' title='bbox 757 1471 818 1527; x_wconf 92' lang='lat' dir='ltr'>eos,</span> <span class='ocrx_word' id='word_1_58' title='bbox 842 1471 989 1532; x_wconf 80' lang='lat' dir='ltr'><strong>quemque</strong></span> <span class='ocrx_word' id='word_1_59' title='bbox 1012 1443 1211 1530; x_wconf 81' lang='lat' dir='ltr'>experiuntur,</span> <span class='ocrx_word' id='word_1_60' title='bbox 1235 1471 1376 1528; x_wconf 88' lang='lat' dir='ltr'>amorem,</span> 
     </span>
     <span class='ocr_line' id='line_1_10' title="bbox 407 1553 1196 1635; baseline 0 -21"><span class='ocrx_word' id='word_1_61' title='bbox 407 1553 503 1633; x_wconf 77' lang='lat' dir='ltr'>Atque</span> <span class='ocrx_word' id='word_1_62' title='bbox 526 1553 569 1613; x_wconf 92' lang='lat' dir='ltr'>illi</span> <span class='ocrx_word' id='word_1_63' title='bbox 591 1554 719 1627; x_wconf 88' lang='lat' dir='ltr'>venient,</span> <span class='ocrx_word' id='word_1_64' title='bbox 743 1555 780 1635; x_wconf 81' lang='lat' dir='ltr'>ad</span> <span class='ocrx_word' id='word_1_65' title='bbox 802 1573 858 1615; x_wconf 90' lang='lat' dir='ltr'>nos</span> <span class='ocrx_word' id='word_1_66' title='bbox 879 1553 927 1613; x_wconf 87' lang='lat' dir='ltr'>vix</span> <span class='ocrx_word' id='word_1_67' title='bbox 948 1561 1052 1624; x_wconf 86' lang='lat' dir='ltr'>ventus</span> <span class='ocrx_word' id='word_1_68' title='bbox 1074 1553 1196 1614; x_wconf 89' lang='lat' dir='ltr'>eosdem</span> 
     </span>
     <span class='ocr_line' id='line_1_11' title="bbox 358 1653 1473 1737; baseline 0.006 -25"><span class='ocrx_word' id='word_1_69' title='bbox 358 1662 390 1713; x_wconf 81' lang='lat'>80</span> <span class='ocrx_word' id='word_1_70' title='bbox 492 1655 636 1737; x_wconf 82' lang='lat' dir='ltr'>Torquet.</span> <span class='ocrx_word' id='word_1_71' title='bbox 666 1655 800 1734; x_wconf 83' lang='lat' dir='ltr'>Egoque,</span> <span class='ocrx_word' id='word_1_72' title='bbox 823 1654 949 1726; x_wconf 90' lang='lat' dir='ltr'>animae,</span> <span class='ocrx_word' id='word_1_73' title='bbox 972 1653 1095 1732; x_wconf 82' lang='lat' dir='ltr'>incipio,</span> <span class='ocrx_word' id='word_1_74' title='bbox 1109 1654 1216 1735; x_wconf 92' lang='lat' dir='ltr'>quibus</span> <span class='ocrx_word' id='word_1_75' title='bbox 1230 1655 1315 1718; x_wconf 81' lang='lat' dir='ltr'>anxia</span> <span class='ocrx_word' id='word_1_76' title='bbox 1333 1675 1402 1719; x_wconf 93' lang='lat' dir='ltr'>cura</span> <span class='ocrx_word' id='word_1_77' title='bbox 1419 1666 1473 1732; x_wconf 86' lang='lat' dir='ltr'>est,</span> 
     </span>
     <span class='ocr_line' id='line_1_12' title="bbox 491 1743 1296 1836; baseline 0.002 -20"><span class='ocrx_word' id='word_1_78' title='bbox 491 1757 654 1818; x_wconf 77' lang='lat' dir='ltr'>Adventate</span> <span class='ocrx_word' id='word_1_79' title='bbox 675 1755 766 1836; x_wconf 83' lang='lat' dir='ltr'>loqui</span> <span class='ocrx_word' id='word_1_80' title='bbox 780 1743 914 1836; x_wconf 82' lang='lat' dir='ltr'>cupidos,</span> <span class='ocrx_word' id='word_1_81' title='bbox 939 1754 995 1820; x_wconf 90' lang='lat' dir='ltr'>nisi</span> <span class='ocrx_word' id='word_1_82' title='bbox 1019 1755 1085 1833; x_wconf 89' lang='lat' dir='ltr'>quis</span> <span class='ocrx_word' id='word_1_83' title='bbox 1107 1764 1186 1816; x_wconf 88' lang='lat' dir='ltr'>vetet</span> <span class='ocrx_word' id='word_1_84' title='bbox 1206 1756 1296 1818; x_wconf 87' lang='lat' dir='ltr'>istud.</span> 
     </span>
     <span class='ocr_line' id='line_1_13' title="bbox 407 1857 1172 1942; baseline -0.007 -19"><span class='ocrx_word' id='word_1_85' title='bbox 407 1858 555 1939; x_wconf 83' lang='lat' dir='ltr'>Expansis</span> <span class='ocrx_word' id='word_1_86' title='bbox 579 1858 634 1919; x_wconf 88' lang='lat' dir='ltr'>alis</span> <span class='ocrx_word' id='word_1_87' title='bbox 657 1859 737 1919; x_wconf 88' lang='lat' dir='ltr'>velut</span> <span class='ocrx_word' id='word_1_88' title='bbox 759 1858 949 1940; x_wconf 87' lang='lat' dir='ltr'>immotisque</span> <span class='ocrx_word' id='word_1_89' title='bbox 973 1857 1143 1942; x_wconf 80' lang='lat' dir='ltr'>columlrae</span> <span class='ocrx_word' id='word_1_90' title='bbox 1170 1903 1172 1910; x_wconf 70' lang='lat'><em>,</em></span> 
     </span>
     <span class='ocr_line' id='line_1_14' title="bbox 417 1959 1287 2046; baseline 0.002 -26"><span class='ocrx_word' id='word_1_91' title='bbox 417 1971 419 1976; x_wconf 79' lang='grc'><em>·</em></span> <span class='ocrx_word' id='word_1_92' title='bbox 490 1959 534 2020; x_wconf 83' lang='lat' dir='ltr'>Ad</span> <span class='ocrx_word' id='word_1_93' title='bbox 559 1959 661 2022; x_wconf 82' lang='lat' dir='ltr'>dulces</span> <span class='ocrx_word' id='word_1_94' title='bbox 684 1959 813 2032; x_wconf 84' lang='lat' dir='ltr'>veniunt,</span> <span class='ocrx_word' id='word_1_95' title='bbox 836 1959 1006 2021; x_wconf 72' lang='lat' dir='ltr'>stimulante</span> <span class='ocrx_word' id='word_1_96' title='bbox 1029 1959 1178 2046; x_wconf 87' lang='lat' dir='ltr'>cupidine,</span> <span class='ocrx_word' id='word_1_97' title='bbox 1200 1960 1287 2022; x_wconf 86' lang='lat' dir='ltr'>nidos</span> 
     </span>
     <span class='ocr_line' id='line_1_15' title="bbox 492 2060 1356 2142; baseline 0 -20"><span class='ocrx_word' id='word_1_98' title='bbox 492 2066 568 2122; x_wconf 79' lang='lat' dir='ltr'>Aera</span> <span class='ocrx_word' id='word_1_99' title='bbox 590 2061 821 2142; x_wconf 89' lang='lat' dir='ltr'>perliquidum,</span> <span class='ocrx_word' id='word_1_100' title='bbox 846 2061 891 2122; x_wconf 89' lang='lat' dir='ltr'>sic</span> <span class='ocrx_word' id='word_1_101' title='bbox 914 2060 956 2122; x_wconf 94' lang='lat' dir='ltr'>illi</span> <span class='ocrx_word' id='word_1_102' title='bbox 979 2080 1014 2121; x_wconf 85' lang='lat' dir='ltr'>ex</span> <span class='ocrx_word' id='word_1_103' title='bbox 1036 2061 1160 2138; x_wconf 82' lang='lat' dir='ltr'>agmine,</span> <span class='ocrx_word' id='word_1_104' title='bbox 1183 2060 1260 2122; x_wconf 86' lang='lat' dir='ltr'>Dido</span> <span class='ocrx_word' id='word_1_105' title='bbox 1352 2061 1356 2068; x_wconf 81' lang='grc'><em>’</em></span> 
     </span>
     <span class='ocr_line' id='line_1_16' title="bbox 358 2161 1193 2242; baseline 0.007 -24"><span class='ocrx_word' id='word_1_106' title='bbox 358 2168 389 2218; x_wconf 83' lang='grc'>85</span> <span class='ocrx_word' id='word_1_107' title='bbox 407 2161 465 2236; x_wconf 76' lang='grc' dir='ltr'>ΕεῑΙ</span> <span class='ocrx_word' id='word_1_108' title='bbox 483 2161 542 2234; x_wconf 90' lang='lat' dir='ltr'>ubi,</span> <span class='ocrx_word' id='word_1_109' title='bbox 566 2182 621 2223; x_wconf 89' lang='lat' dir='ltr'>nos</span> <span class='ocrx_word' id='word_1_110' title='bbox 643 2181 747 2224; x_wconf 90' lang='lat' dir='ltr'>versus</span> <span class='ocrx_word' id='word_1_111' title='bbox 769 2181 892 2240; x_wconf 69' lang='lat' dir='ltr'>venere⁸</span> <span class='ocrx_word' id='word_1_112' title='bbox 900 2181 955 2242; x_wconf 93' lang='lat' dir='ltr'>per</span> <span class='ocrx_word' id='word_1_113' title='bbox 976 2167 1044 2224; x_wconf 76' lang='lat' dir='ltr'>aera</span> <span class='ocrx_word' id='word_1_114' title='bbox 1066 2163 1193 2235; x_wconf 73' lang='lat' dir='ltr'>luscum</span> 
     </span>
     <span class='ocr_line' id='line_1_17' title="bbox 494 2263 1347 2344; baseline -0.004 -18"><span class='ocrx_word' id='word_1_115' title='bbox 494 2263 668 2326; x_wconf 73' lang='lat' dir='ltr'>Sollicitavit</span> <span class='ocrx_word' id='word_1_116' title='bbox 691 2283 743 2326; x_wconf 90' lang='lat' dir='ltr'>eos</span> <span class='ocrx_word' id='word_1_117' title='bbox 766 2263 839 2325; x_wconf 91' lang='lat' dir='ltr'>adeo</span> <span class='ocrx_word' id='word_1_118' title='bbox 862 2283 918 2324; x_wconf 85' lang='lat' dir='ltr'>vox</span> <span class='ocrx_word' id='word_1_119' title='bbox 939 2263 989 2323; x_wconf 93' lang='lat' dir='ltr'>illa</span> <span class='ocrx_word' id='word_1_120' title='bbox 1011 2271 1159 2344; x_wconf 89' lang='lat' dir='ltr'>potenter,</span> <span class='ocrx_word' id='word_1_121' title='bbox 1268 2277 1269 2282; x_wconf 74' lang='grc'>’</span> <span class='ocrx_word' id='word_1_122' title='bbox 1339 2323 1347 2332; x_wconf 77' lang='grc'><em>,</em></span> 
     </span>
     <span class='ocr_line' id='line_1_18' title="bbox 494 2365 1318 2452; baseline 0.002 -28"><span class='ocrx_word' id='word_1_123' title='bbox 494 2365 559 2437; x_wconf 84' lang='lat' dir='ltr'>Qua</span> <span class='ocrx_word' id='word_1_124' title='bbox 581 2365 802 2444; x_wconf 82' lang='lat' dir='ltr'>compellaram,</span> <span class='ocrx_word' id='word_1_125' title='bbox 824 2365 1044 2444; x_wconf 88' lang='lat' dir='ltr'>praedulceqne</span> <span class='ocrx_word' id='word_1_126' title='bbox 1067 2384 1176 2426; x_wconf 91' lang='lat' dir='ltr'>nomen</span> <span class='ocrx_word' id='word_1_127' title='bbox 1199 2367 1318 2452; x_wconf 90' lang='lat' dir='ltr'>amoris.</span> 
     </span>
     <span class='ocr_line' id='line_1_19' title="bbox 410 2465 1277 2548; baseline 0 -20"><span class='ocrx_word' id='word_1_128' title='bbox 410 2467 434 2528; x_wconf 89' lang='lat'>0</span> <span class='ocrx_word' id='word_1_129' title='bbox 457 2465 569 2538; x_wconf 89' lang='lat' dir='ltr'>vivens,</span> <span class='ocrx_word' id='word_1_130' title='bbox 593 2467 641 2526; x_wconf 90' lang='lat' dir='ltr'>oui</span> <span class='ocrx_word' id='word_1_131' title='bbox 664 2467 757 2544; x_wconf 79' lang='lat' dir='ltr'>gnatia</span> <span class='ocrx_word' id='word_1_132' title='bbox 779 2465 882 2540; x_wconf 85' lang='lat' dir='ltr'>multa,</span> <span class='ocrx_word' id='word_1_133' title='bbox 904 2465 1092 2548; x_wconf 89' lang='lat' dir='ltr'>benignaque</span> <span class='ocrx_word' id='word_1_134' title='bbox 1114 2485 1199 2528; x_wconf 91' lang='lat' dir='ltr'>mens</span> <span class='ocrx_word' id='word_1_135' title='bbox 1221 2475 1277 2541; x_wconf 89' lang='lat' dir='ltr'>est,</span> 
     </span>
     <span class='ocr_line' id='line_1_20' title="bbox 496 2566 1251 2649; baseline -0.001 -18"><span class='ocrx_word' id='word_1_136' title='bbox 496 2568 555 2641; x_wconf 84' lang='lat' dir='ltr'>Qui</span> <span class='ocrx_word' id='word_1_137' title='bbox 577 2567 632 2649; x_wconf 90' lang='lat' dir='ltr'>per</span> <span class='ocrx_word' id='word_1_138' title='bbox 653 2567 828 2646; x_wconf 89' lang='lat' dir='ltr'>subnigrum</span> <span class='ocrx_word' id='word_1_139' title='bbox 851 2586 906 2628; x_wconf 91' lang='lat' dir='ltr'>nos</span> <span class='ocrx_word' id='word_1_140' title='bbox 928 2566 1028 2632; x_wconf 89' lang='lat' dir='ltr'>visens</span> <span class='ocrx_word' id='word_1_141' title='bbox 1052 2574 1118 2629; x_wconf 75' lang='lat' dir='ltr'>aera</span> <span class='ocrx_word' id='word_1_142' title='bbox 1140 2568 1251 2648; x_wconf 82' lang='lat' dir='ltr'>pergis,</span> 
     </span>
     <span class='ocr_line' id='line_1_21' title="bbox 359 2667 1349 2756; baseline 0.003 -27"><span class='ocrx_word' id='word_1_143' title='bbox 359 2674 391 2756; x_wconf 76' lang='grc'>00</span> <span class='ocrx_word' id='word_1_144' title='bbox 495 2670 646 2746; x_wconf 81' lang='lat' dir='ltr'>Sanguine</span> <span class='ocrx_word' id='word_1_145' title='bbox 670 2670 721 2749; x_wconf 92' lang='lat' dir='ltr'>qui</span> <span class='ocrx_word' id='word_1_146' title='bbox 743 2670 852 2734; x_wconf 87' lang='lat' dir='ltr'>misere</span> <span class='ocrx_word' id='word_1_147' title='bbox 875 2670 970 2745; x_wconf 83' lang='lat' dir='ltr'>effuso</span> <span class='ocrx_word' id='word_1_148' title='bbox 992 2667 1205 2736; x_wconf 81' lang='lat' dir='ltr'>maculavimus</span> <span class='ocrx_word' id='word_1_149' title='bbox 1229 2668 1349 2742; x_wconf 78' lang='lat' dir='ltr'>orbem3</span> 
     </span>
     <span class='ocr_line' id='line_1_22' title="bbox 409 2770 1138 2840; baseline -0.005 -6"><span class='ocrx_word' id='word_1_150' title='bbox 409 2771 472 2834; x_wconf 80' lang='lat' dir='ltr'>Rex</span> <span class='ocrx_word' id='word_1_151' title='bbox 493 2771 520 2831; x_wconf 91' lang='lat' dir='ltr'>si</span> <span class='ocrx_word' id='word_1_152' title='bbox 543 2771 672 2832; x_wconf 92' lang='lat' dir='ltr'>universi</span> <span class='ocrx_word' id='word_1_153' title='bbox 695 2772 785 2836; x_wconf 89' lang='lat' dir='ltr'>nobis</span> <span class='ocrx_word' id='word_1_154' title='bbox 806 2772 884 2834; x_wconf 88' lang='lat' dir='ltr'>lorct</span> <span class='ocrx_word' id='word_1_155' title='bbox 904 2771 956 2834; x_wconf 89' lang='lat' dir='ltr'>illc</span> <span class='ocrx_word' id='word_1_156' title='bbox 979 2770 1138 2840; x_wconf 78' lang='lat' dir='ltr'>secundus.</span> 
     </span>
     <span class='ocr_line' id='line_1_23' title="bbox 484 2872 1273 2958; baseline -0.001 -25"><span class='ocrx_word' id='word_1_157' title='bbox 484 2872 601 2958; x_wconf 29' lang='lat' dir='ltr'>„Nostra</span> <span class='ocrx_word' id='word_1_158' title='bbox 624 2872 833 2934; x_wconf 86' lang='lat' dir='ltr'>adhiberemus</span> <span class='ocrx_word' id='word_1_159' title='bbox 856 2881 932 2943; x_wconf 87' lang='lat' dir='ltr'>vota,</span> <span class='ocrx_word' id='word_1_160' title='bbox 955 2880 987 2932; x_wconf 89' lang='lat' dir='ltr'>ut</span> <span class='ocrx_word' id='word_1_161' title='bbox 1008 2880 1039 2932; x_wconf 92' lang='lat' dir='ltr'>tu</span> <span class='ocrx_word' id='word_1_162' title='bbox 1061 2890 1134 2952; x_wconf 88' lang='lat' dir='ltr'>pace</span> <span class='ocrx_word' id='word_1_163' title='bbox 1156 2873 1273 2945; x_wconf 85' lang='lat' dir='ltr'>fruaris,</span> 
     </span>
     <span class='ocr_line' id='line_1_24' title="bbox 496 2973 1296 3064; baseline 0.001 -30"><span class='ocrx_word' id='word_1_164' title='bbox 496 2973 592 3046; x_wconf 84' lang='lat' dir='ltr'>Quem</span> <span class='ocrx_word' id='word_1_165' title='bbox 615 2974 707 3064; x_wconf 82' lang='lat' dir='ltr'>tangit</span> <span class='ocrx_word' id='word_1_166' title='bbox 726 2975 822 3054; x_wconf 85' lang='lat' dir='ltr'>pietas</span> <span class='ocrx_word' id='word_1_167' title='bbox 846 2981 1015 3039; x_wconf 90' lang='lat' dir='ltr'>nostrorum</span> <span class='ocrx_word' id='word_1_168' title='bbox 1037 2982 1118 3036; x_wconf 90' lang='lat' dir='ltr'>tanta</span> <span class='ocrx_word' id='word_1_169' title='bbox 1137 2973 1296 3035; x_wconf 89' lang='lat' dir='ltr'>malorum.</span> 
     </span>
     <span class='ocr_line' id='line_1_25' title="bbox 412 3063 1220 3160; baseline 0 -25"><span class='ocrx_word' id='word_1_170' title='bbox 412 3075 624 3158; x_wconf 83' lang='lat' dir='ltr'>Quaecumque</span> <span class='ocrx_word' id='word_1_171' title='bbox 647 3076 785 3140; x_wconf 81' lang='lat' dir='ltr'>exaudire</span> <span class='ocrx_word' id='word_1_172' title='bbox 808 3076 861 3136; x_wconf 87' lang='lat' dir='ltr'>tibi</span> <span class='ocrx_word' id='word_1_173' title='bbox 884 3077 1045 3160; x_wconf 76' lang='lat' dir='ltr'>placeatne,</span> <span class='ocrx_word' id='word_1_174' title='bbox 1067 3064 1184 3153; x_wconf 79' lang='lat' dir='ltr'>loquive</span> <span class='ocrx_word' id='word_1_175' title='bbox 1216 3063 1220 3074; x_wconf 76' lang='grc'><em>’</em></span> 
     </span>
     <span class='ocr_line' id='line_1_26' title="bbox 360 3174 1311 3262; baseline 0.003 -28"><span class='ocrx_word' id='word_1_176' title='bbox 360 3183 392 3234; x_wconf 85' lang='grc'>95</span> <span class='ocrx_word' id='word_1_177' title='bbox 496 3176 558 3236; x_wconf 89' lang='lat' dir='ltr'>Nos</span> <span class='ocrx_word' id='word_1_178' title='bbox 581 3196 683 3262; x_wconf 77' lang='lat' dir='ltr'>sumus</span> <span class='ocrx_word' id='word_1_179' title='bbox 705 3178 871 3240; x_wconf 88' lang='lat' dir='ltr'>auscultare</span> <span class='ocrx_word' id='word_1_180' title='bbox 892 3179 999 3260; x_wconf 90' lang='lat' dir='ltr'>parati,</span> <span class='ocrx_word' id='word_1_181' title='bbox 1023 3186 1074 3238; x_wconf 92' lang='lat' dir='ltr'>aut</span> <span class='ocrx_word' id='word_1_182' title='bbox 1095 3177 1195 3240; x_wconf 84' lang='lat' dir='ltr'>dicere</span> <span class='ocrx_word' id='word_1_183' title='bbox 1216 3174 1311 3250; x_wconf 88' lang='lat' dir='ltr'>vobis,</span> 
     </span>
     <span class='ocr_line' id='line_1_27' title="bbox 428 3278 1371 3354; baseline 0.005 -17"><span class='ocrx_word' id='word_1_184' title='bbox 428 3331 429 3336; x_wconf 73' lang='grc'>,</span> <span class='ocrx_word' id='word_1_185' title='bbox 496 3279 581 3350; x_wconf 80' lang='lat' dir='ltr'>llum,</span> <span class='ocrx_word' id='word_1_186' title='bbox 605 3279 682 3342; x_wconf 88' lang='lat' dir='ltr'>s&#39;olet</span> <span class='ocrx_word' id='word_1_187' title='bbox 703 3289 736 3346; x_wconf 92' lang='lat' dir='ltr'>ut</span> <span class='ocrx_word' id='word_1_188' title='bbox 758 3299 885 3354; x_wconf 88' lang='lat' dir='ltr'>cessare,</span> <span class='ocrx_word' id='word_1_189' title='bbox 908 3279 977 3342; x_wconf 89' lang='lat' dir='ltr'>silet</span> <span class='ocrx_word' id='word_1_190' title='bbox 998 3279 1087 3340; x_wconf 93' lang='lat' dir='ltr'>modo</span> <span class='ocrx_word' id='word_1_191' title='bbox 1110 3278 1142 3339; x_wconf 90' lang='lat' dir='ltr'>in</span> <span class='ocrx_word' id='word_1_192' title='bbox 1165 3281 1233 3339; x_wconf 74' lang='lat' dir='ltr'>aere</span> <span class='ocrx_word' id='word_1_193' title='bbox 1254 3286 1371 3344; x_wconf 87' lang='lat' dir='ltr'>ventus.</span> 
     </span>
     <span class='ocr_line' id='line_1_28' title="bbox 411 3366 1179 3466; baseline -0.003 -24"><span class='ocrx_word' id='word_1_194' title='bbox 411 3382 504 3448; x_wconf 86' lang='lat' dir='ltr'>Terra</span> <span class='ocrx_word' id='word_1_195' title='bbox 521 3366 610 3466; x_wconf 68' lang='lat' dir='ltr'>iacet,</span> <span class='ocrx_word' id='word_1_196' title='bbox 634 3384 692 3461; x_wconf 82' lang='lat' dir='ltr'>quvi</span> <span class='ocrx_word' id='word_1_197' title='bbox 713 3381 817 3444; x_wconf 81' lang='lat' dir='ltr'>vitales</span> <span class='ocrx_word' id='word_1_198' title='bbox 840 3400 895 3462; x_wconf 90' lang='lat' dir='ltr'>ego</span> <span class='ocrx_word' id='word_1_199' title='bbox 917 3381 1017 3461; x_wconf 90' lang='lat' dir='ltr'>prodii</span> <span class='ocrx_word' id='word_1_200' title='bbox 1039 3382 1070 3448; x_wconf 92' lang='lat' dir='ltr'>in</span> <span class='ocrx_word' id='word_1_201' title='bbox 1092 3399 1179 3458; x_wconf 90' lang='lat' dir='ltr'>auras</span> 
     </span>
     <span class='ocr_line' id='line_1_29' title="bbox 495 3481 1394 3562; baseline -0.003 -18"><span class='ocrx_word' id='word_1_202' title='bbox 495 3484 539 3544; x_wconf 82' lang='lat' dir='ltr'>Ad</span> <span class='ocrx_word' id='word_1_203' title='bbox 562 3503 652 3555; x_wconf 91' lang='lat' dir='ltr'>mare,</span> <span class='ocrx_word' id='word_1_204' title='bbox 677 3483 727 3544; x_wconf 91' lang='lat' dir='ltr'>ubi</span> <span class='ocrx_word' id='word_1_205' title='bbox 750 3483 1086 3562; x_wconf 83' lang='lat' dir='ltr'>Eridanusproperans</span> <span class='ocrx_word' id='word_1_206' title='bbox 1107 3481 1241 3562; x_wconf 85' lang='lat' dir='ltr'>reperire</span> <span class='ocrx_word' id='word_1_207' title='bbox 1264 3481 1394 3560; x_wconf 92' lang='lat' dir='ltr'>quietem</span> 
     </span>
     <span class='ocr_line' id='line_1_30' title="bbox 496 3569 1319 3668; baseline -0.002 -23"><span class='ocrx_word' id='word_1_208' title='bbox 496 3577 665 3656; x_wconf 69' lang='lat' dir='ltr'>descendit</span> <span class='ocrx_word' id='word_1_209' title='bbox 689 3584 770 3650; x_wconf 84' lang='lat' dir='ltr'>fluvii</span> <span class='ocrx_word' id='word_1_210' title='bbox 793 3586 976 3663; x_wconf 86' lang='lat' dir='ltr'>comitesque</span> <span class='ocrx_word' id='word_1_211' title='bbox 999 3590 1164 3662; x_wconf 88' lang='lat' dir='ltr'>sequuntur</span> <span class='ocrx_word' id='word_1_212' title='bbox 1186 3569 1319 3668; x_wconf 85' lang='lat' dir='ltr'>euntem.¹</span> 
     </span>
     <span class='ocr_line' id='line_1_31' title="bbox 346 3681 1191 3766; baseline -0.005 -18"><span class='ocrx_word' id='word_1_213' title='bbox 346 3689 394 3742; x_wconf 89' lang='lat' dir='ltr'>too</span> <span class='ocrx_word' id='word_1_214' title='bbox 413 3686 518 3766; x_wconf 87' lang='lat' dir='ltr'>Coepit</span> <span class='ocrx_word' id='word_1_215' title='bbox 539 3685 707 3764; x_wconf 70' lang='lat' dir='ltr'>amonqui</span> <span class='ocrx_word' id='word_1_216' title='bbox 729 3685 883 3748; x_wconf 88' lang='lat' dir='ltr'>succendit</span> <span class='ocrx_word' id='word_1_217' title='bbox 905 3681 963 3750; x_wconf 83' lang='lat' dir='ltr'>cito</span> <span class='ocrx_word' id='word_1_218' title='bbox 986 3685 1069 3748; x_wconf 89' lang='lat' dir='ltr'>mitia</span> <span class='ocrx_word' id='word_1_219' title='bbox 1085 3681 1191 3758; x_wconf 84' lang='lat' dir='ltr'>corda,</span> 
     </span>
     <span class='ocr_line' id='line_1_32' title="bbox 495 3785 1489 3874; baseline -0.003 -28"><span class='ocrx_word' id='word_1_220' title='bbox 495 3786 583 3852; x_wconf 89' lang='lat' dir='ltr'>Hunc</span> <span class='ocrx_word' id='word_1_221' title='bbox 603 3787 727 3866; x_wconf 89' lang='lat' dir='ltr'>pulchra</span> <span class='ocrx_word' id='word_1_222' title='bbox 748 3787 879 3848; x_wconf 88' lang='lat' dir='ltr'>illectum</span> <span class='ocrx_word' id='word_1_223' title='bbox 901 3787 1004 3874; x_wconf 85' lang='lat' dir='ltr'>forma,</span> <span class='ocrx_word' id='word_1_224' title='bbox 1028 3805 1102 3867; x_wconf 90' lang='lat' dir='ltr'>quae</span> <span class='ocrx_word' id='word_1_225' title='bbox 1124 3786 1249 3874; x_wconf 83' lang='lat' dir='ltr'>barbare</span> <span class='ocrx_word' id='word_1_226' title='bbox 1272 3785 1409 3863; x_wconf 88' lang='lat' dir='ltr'>adempta</span> <span class='ocrx_word' id='word_1_227' title='bbox 1488 3847 1489 3852; x_wconf 55' lang='grc'>,</span> 
     </span>
     <span class='ocr_line' id='line_1_33' title="bbox 497 3886 1479 3967; baseline -0.002 -19"><span class='ocrx_word' id='word_1_228' title='bbox 497 3888 552 3948; x_wconf 84' lang='lat' dir='ltr'>Est</span> <span class='ocrx_word' id='word_1_229' title='bbox 568 3888 657 3962; x_wconf 75' lang='lat' dir='ltr'>mihi3</span> <span class='ocrx_word' id='word_1_230' title='bbox 681 3906 799 3967; x_wconf 91' lang='lat' dir='ltr'>quoque</span> <span class='ocrx_word' id='word_1_231' title='bbox 811 3888 901 3949; x_wconf 92' lang='lat' dir='ltr'>modo</span> <span class='ocrx_word' id='word_1_232' title='bbox 921 3888 960 3948; x_wconf 90' lang='lat' dir='ltr'>sit</span> <span class='ocrx_word' id='word_1_233' title='bbox 981 3888 1128 3966; x_wconf 87' lang='lat' dir='ltr'>adempta,</span> <span class='ocrx_word' id='word_1_234' title='bbox 1151 3887 1314 3966; x_wconf 88' lang='lat' dir='ltr'>perhorreo</span> <span class='ocrx_word' id='word_1_235' title='bbox 1327 3886 1372 3950; x_wconf 92' lang='lat' dir='ltr'>vel</span> <span class='ocrx_word' id='word_1_236' title='bbox 1390 3901 1479 3946; x_wconf 92' lang='lat' dir='ltr'>nunc.</span> 
     </span>
     <span class='ocr_line' id='line_1_34' title="bbox 412 3973 1388 4068; baseline -0.002 -19"><span class='ocrx_word' id='word_1_237' title='bbox 412 3990 459 4050; x_wconf 87' lang='lat' dir='ltr'>Me</span> <span class='ocrx_word' id='word_1_238' title='bbox 480 4009 610 4068; x_wconf 89' lang='lat' dir='ltr'>quoque,</span> <span class='ocrx_word' id='word_1_239' title='bbox 634 3990 684 4068; x_wconf 91' lang='lat' dir='ltr'>qui</span> <span class='ocrx_word' id='word_1_240' title='bbox 708 3973 841 4068; x_wconf 89' lang='lat' dir='ltr'>quemvis</span> <span class='ocrx_word' id='word_1_241' title='bbox 863 3989 940 4050; x_wconf 84' lang='lat' dir='ltr'>bene</span> <span class='ocrx_word' id='word_1_242' title='bbox 962 3997 1090 4050; x_wconf 93' lang='lat' dir='ltr'>amatum</span> <span class='ocrx_word' id='word_1_243' title='bbox 1111 3989 1210 4051; x_wconf 89' lang='lat' dir='ltr'>reddit</span> <span class='ocrx_word' id='word_1_244' title='bbox 1232 3997 1388 4059; x_wconf 88' lang='lat' dir='ltr'>amantem,</span> 
     </span>
     <span class='ocr_line' id='line_1_35' title="bbox 499 4089 1249 4170; baseline -0.005 -19"><span class='ocrx_word' id='word_1_245' title='bbox 499 4090 584 4170; x_wconf 81' lang='lat' dir='ltr'>Cepit</span> <span class='ocrx_word' id='word_1_246' title='bbox 605 4109 688 4152; x_wconf 93' lang='lat' dir='ltr'>amor</span> <span class='ocrx_word' id='word_1_247' title='bbox 710 4091 868 4153; x_wconf 83' lang='lat' dir='ltr'>desideriis</span> <span class='ocrx_word' id='word_1_248' title='bbox 891 4099 950 4152; x_wconf 87' lang='lat' dir='ltr'>tam</span> <span class='ocrx_word' id='word_1_249' title='bbox 972 4091 1099 4151; x_wconf 84' lang='lat' dir='ltr'>fortibus</span> <span class='ocrx_word' id='word_1_250' title='bbox 1121 4089 1220 4170; x_wconf 85' lang='lat' dir='ltr'>hujus,</span> <span class='ocrx_word' id='word_1_251' title='bbox 1246 4139 1249 4146; x_wconf 93' lang='grc'><em>,</em></span> 
     </span>
     <span class='ocr_line' id='line_1_36' title="bbox 348 4189 1423 4272; baseline -0.002 -20"><span class='ocrx_word' id='word_1_252' title='bbox 348 4213 395 4265; x_wconf 84' lang='lat'>105</span> <span class='ocrx_word' id='word_1_253' title='bbox 499 4192 566 4264; x_wconf 81' lang='lat' dir='ltr'>Qui,</span> <span class='ocrx_word' id='word_1_254' title='bbox 590 4193 670 4252; x_wconf 91' lang='lat' dir='ltr'>velut</span> <span class='ocrx_word' id='word_1_255' title='bbox 691 4193 755 4272; x_wconf 92' lang='lat' dir='ltr'>ipse</span> <span class='ocrx_word' id='word_1_256' title='bbox 778 4193 871 4264; x_wconf 85' lang='lat' dir='ltr'>vides,</span> <span class='ocrx_word' id='word_1_257' title='bbox 894 4193 940 4254; x_wconf 93' lang='lat' dir='ltr'>vel</span> <span class='ocrx_word' id='word_1_258' title='bbox 963 4191 1059 4253; x_wconf 87' lang='lat' dir='ltr'>adhuc</span> <span class='ocrx_word' id='word_1_259' title='bbox 1081 4210 1130 4253; x_wconf 89' lang='lat' dir='ltr'>me</span> <span class='ocrx_word' id='word_1_260' title='bbox 1151 4190 1286 4270; x_wconf 87' lang='lat' dir='ltr'>linquere</span> <span class='ocrx_word' id='word_1_261' title='bbox 1308 4189 1423 4264; x_wconf 81' lang='lat' dir='ltr'>nescit3</span> 
     </span>
     <span class='ocr_line' id='line_1_37' title="bbox 415 4293 1285 4373; baseline -0.003 -19"><span class='ocrx_word' id='word_1_262' title='bbox 415 4294 497 4354; x_wconf 93' lang='lat' dir='ltr'>ldem</span> <span class='ocrx_word' id='word_1_263' title='bbox 520 4311 603 4354; x_wconf 93' lang='lat' dir='ltr'>amor</span> <span class='ocrx_word' id='word_1_264' title='bbox 625 4293 660 4355; x_wconf 94' lang='lat' dir='ltr'>ad</span> <span class='ocrx_word' id='word_1_265' title='bbox 683 4302 811 4355; x_wconf 88' lang='lat' dir='ltr'>mortem</span> <span class='ocrx_word' id='word_1_266' title='bbox 833 4313 889 4356; x_wconf 92' lang='lat' dir='ltr'>nos</span> <span class='ocrx_word' id='word_1_267' title='bbox 911 4295 1006 4373; x_wconf 88' lang='lat' dir='ltr'>ipsam</span> <span class='ocrx_word' id='word_1_268' title='bbox 1029 4293 1111 4355; x_wconf 84' lang='lat' dir='ltr'>duxit</span> <span class='ocrx_word' id='word_1_269' title='bbox 1131 4297 1285 4370; x_wconf 83' lang='lat' dir='ltr'>utiusque.</span> 
     </span>
     <span class='ocr_line' id='line_1_38' title="bbox 499 4393 1314 4476; baseline -0.001 -21"><span class='ocrx_word' id='word_1_270' title='bbox 499 4395 600 4462; x_wconf 87' lang='lat' dir='ltr'>Poena</span> <span class='ocrx_word' id='word_1_271' title='bbox 622 4395 711 4457; x_wconf 86' lang='lat' dir='ltr'>Caioa</span> <span class='ocrx_word' id='word_1_272' title='bbox 733 4404 842 4469; x_wconf 86' lang='lat' dir='ltr'>monet,</span> <span class='ocrx_word' id='word_1_273' title='bbox 865 4397 940 4458; x_wconf 89' lang='lat' dir='ltr'>vitae</span> <span class='ocrx_word' id='word_1_274' title='bbox 965 4396 1014 4476; x_wconf 91' lang='lat' dir='ltr'>qui</span> <span class='ocrx_word' id='word_1_275' title='bbox 1036 4397 1137 4457; x_wconf 89' lang='lat' dir='ltr'>lumen</span> <span class='ocrx_word' id='word_1_276' title='bbox 1159 4393 1314 4472; x_wconf 88' lang='lat' dir='ltr'>ademptae</span> 
     </span>
     <span class='ocr_line' id='line_1_39' title="bbox 438 4483 1435 4560; baseline 0 -4"><span class='ocrx_word' id='word_1_277' title='bbox 438 4483 440 4488; x_wconf 67' lang='grc'><strong>’</strong></span> <span class='ocrx_word' id='word_1_278' title='bbox 502 4497 629 4557; x_wconf 82' lang='lat' dir='ltr'>Extinxit</span> <span class='ocrx_word' id='word_1_279' title='bbox 651 4497 747 4558; x_wconf 88' lang='lat' dir='ltr'>nobis.</span> <span class='ocrx_word' id='word_1_280' title='bbox 770 4532 811 4546; x_wconf 78' lang='lat'>-·</span> <span class='ocrx_word' id='word_1_281' title='bbox 832 4495 984 4560; x_wconf 87' lang='lat' dir='ltr'>Dederunt</span> <span class='ocrx_word' id='word_1_282' title='bbox 1005 4497 1037 4558; x_wconf 91' lang='lat' dir='ltr'>hi</span> <span class='ocrx_word' id='word_1_283' title='bbox 1059 4497 1128 4558; x_wconf 88' lang='lat' dir='ltr'>talia</span> <span class='ocrx_word' id='word_1_284' title='bbox 1151 4495 1239 4560; x_wconf 88' lang='lat' dir='ltr'>dicta.</span> <span class='ocrx_word' id='word_1_285' title='bbox 1332 4515 1341 4556; x_wconf 60' lang='grc' dir='ltr'>ς</span> <span class='ocrx_word' id='word_1_286' title='bbox 1433 4513 1435 4522; x_wconf 73' lang='grc'>’</span> 
     </span>
    </p>
   </div>
   <div class='ocr_carea' id='block_1_4' title="bbox 0 0 1693 5414">
    <p class='ocr_par' dir='ltr' id='par_1_4' title="bbox 0 0 1693 5414">
     <span class='ocr_line' id='line_1_40' title="bbox 0 0 1693 5414; baseline 0 0"><span class='ocrx_word' id='word_1_287' title='bbox 0 0 1693 5414; x_wconf 95' lang='lat' dir='ltr'> </span> 
     </span>
    </p>
   </div>
   <div class='ocr_carea' id='block_1_5' title="bbox 1678 0 1683 1114">
    <p class='ocr_par' dir='ltr' id='par_1_5' title="bbox 1678 0 1683 1114">
     <span class='ocr_line' id='line_1_41' title="bbox 1678 0 1683 1114; baseline 0 0"><span class='ocrx_word' id='word_1_288' title='bbox 1678 0 1683 1114; x_wconf 95' lang='lat' dir='ltr'> </span> 
     </span>
    </p>
   </div>
  </div>
 </body>
</html>
