<?xml version="1.0" encoding="UTF-8"?>
<!DOCTYPE html PUBLIC "-//W3C//DTD XHTML 1.0 Transitional//EN"
    "http://www.w3.org/TR/xhtml1/DTD/xhtml1-transitional.dtd">
<html xmlns="http://www.w3.org/1999/xhtml" xml:lang="en" lang="en">
 <head>
  <title>
</title>
<meta http-equiv="Content-Type" content="text/html;charset=utf-8" />
  <meta name='ocr-system' content='tesseract 3.04.00' />
  <meta name='ocr-capabilities' content='ocr_page ocr_carea ocr_par ocr_line ocrx_word'/>
</head>
<body>
  <div class='ocr_page' id='page_1' title='image "./divinacomoedia01piazgoog_0322.png"; bbox 0 0 3234 5396; ppageno 0'>
   <div class='ocr_carea' id='block_1_1' title="bbox 594 525 894 592">
    <p class='ocr_par' dir='ltr' id='par_1_1' title="bbox 594 525 894 592">
     <span class='ocr_line' id='line_1_1' title="bbox 594 525 894 592; baseline 0.017 -12"><span class='ocrx_word' id='word_1_1' title='bbox 594 525 776 592; x_wconf 72' lang='lat' dir='ltr'><strong>rudoltontt</strong></span> <span class='ocrx_word' id='word_1_2' title='bbox 795 535 894 585; x_wconf 88' lang='lat' dir='ltr'>XXXIII.</span> 
     </span>
    </p>
   </div>
   <div class='ocr_carea' id='block_1_2' title="bbox 150 747 1201 4559">
    <p class='ocr_par' dir='ltr' id='par_1_2' title="bbox 150 747 1201 4559">
     <span class='ocr_line' id='line_1_2' title="bbox 227 747 1152 834; baseline 0.008 -25"><span class='ocrx_word' id='word_1_3' title='bbox 227 747 296 810; x_wconf 85' lang='lat' dir='ltr'><strong>Non</strong></span> <span class='ocrx_word' id='word_1_4' title='bbox 318 752 392 822; x_wconf 77' lang='lat' dir='ltr'><strong>err&#39;t3</strong></span> <span class='ocrx_word' id='word_1_5' title='bbox 416 759 504 828; x_wconf 84' lang='lat' dir='ltr'><strong>etque</strong></span> <span class='ocrx_word' id='word_1_6' title='bbox 525 754 636 812; x_wconf 78' lang='lat' dir='ltr'><strong>lterum</strong></span> <span class='ocrx_word' id='word_1_7' title='bbox 656 750 811 822; x_wconf 78' lang='lat' dir='ltr'><strong>modicum,</strong></span> <span class='ocrx_word' id='word_1_8' title='bbox 834 753 974 834; x_wconf 79' lang='lat' dir='ltr'><strong>velisque</strong></span> <span class='ocrx_word' id='word_1_9' title='bbox 996 756 1152 818; x_wconf 78' lang='lat' dir='ltr'><strong>uidendam</strong></span> 
     </span>
     <span class='ocr_line' id='line_1_3' title="bbox 180 853 1058 942; baseline 0.008 -25"><span class='ocrx_word' id='word_1_10' title='bbox 180 867 211 918; x_wconf 83' lang='lat' dir='ltr'><strong>lt</strong></span> <span class='ocrx_word' id='word_1_11' title='bbox 227 857 274 919; x_wconf 85' lang='lat' dir='ltr'><strong>Me</strong></span> <span class='ocrx_word' id='word_1_12' title='bbox 296 859 381 930; x_wconf 82' lang='lat' dir='ltr'><strong>dodo,</strong></span> <span class='ocrx_word' id='word_1_13' title='bbox 405 853 546 922; x_wconf 79' lang='lat' dir='ltr'><strong>dilectae!</strong></span> <span class='ocrx_word' id='word_1_14' title='bbox 566 858 640 920; x_wconf 87' lang='lat' dir='ltr'><strong>Dein</strong></span> <span class='ocrx_word' id='word_1_15' title='bbox 661 878 734 938; x_wconf 88' lang='lat' dir='ltr'><strong>prae</strong></span> <span class='ocrx_word' id='word_1_16' title='bbox 757 879 790 922; x_wconf 91' lang='lat' dir='ltr'><strong>se</strong></span> <span class='ocrx_word' id='word_1_17' title='bbox 811 861 949 922; x_wconf 80' lang='lat' dir='ltr'>Incedere</span> <span class='ocrx_word' id='word_1_18' title='bbox 968 862 1058 942; x_wconf 87' lang='lat' dir='ltr'><strong>jussit</strong></span> 
     </span>
     <span class='ocr_line' id='line_1_4' title="bbox 227 966 1025 1046; baseline 0.005 -18"><span class='ocrx_word' id='word_1_19' title='bbox 227 966 417 1046; x_wconf 83' lang='lat' dir='ltr'><strong>Septemplex</strong></span> <span class='ocrx_word' id='word_1_20' title='bbox 439 985 545 1046; x_wconf 84' lang='lat' dir='ltr'><strong>agmen</strong></span> <span class='ocrx_word' id='word_1_21' title='bbox 567 975 670 1029; x_wconf 89' lang='lat' dir='ltr'><strong>totum.</strong></span> <span class='ocrx_word' id='word_1_22' title='bbox 714 969 930 1032; x_wconf 78' lang='lat' dir='ltr'><strong>Tantummodo</strong></span> <span class='ocrx_word' id='word_1_23' title='bbox 952 979 1025 1032; x_wconf 92' lang='lat' dir='ltr'><strong>nuto</strong></span> 
     </span>
     <span class='ocr_line' id='line_1_5' title="bbox 226 1075 1165 1159; baseline 0.009 -22"><span class='ocrx_word' id='word_1_24' title='bbox 226 1075 331 1156; x_wconf 81' lang='lat' dir='ltr'><strong>Meque</strong></span> <span class='ocrx_word' id='word_1_25' title='bbox 353 1077 518 1155; x_wconf 88' lang='lat' dir='ltr'><strong>ducemque</strong></span> <span class='ocrx_word' id='word_1_26' title='bbox 541 1077 600 1154; x_wconf 81' lang='lat' dir='ltr'><strong>egit</strong></span> <span class='ocrx_word' id='word_1_27' title='bbox 619 1085 689 1157; x_wconf 92' lang='lat' dir='ltr'><strong>post</strong></span> <span class='ocrx_word' id='word_1_28' title='bbox 710 1097 752 1151; x_wconf 89' lang='lat' dir='ltr'><strong>se,</strong></span> <span class='ocrx_word' id='word_1_29' title='bbox 776 1080 967 1159; x_wconf 84' lang='lat' dir='ltr'><strong>Srurruuque</strong></span> <span class='ocrx_word' id='word_1_30' title='bbox 987 1090 1165 1146; x_wconf 87' lang='lat' dir='ltr'><strong>manentem.</strong></span> 
     </span>
     <span class='ocr_line' id='line_1_6' title="bbox 269 1185 1201 1269; baseline 0.01 -23"><span class='ocrx_word' id='word_1_31' title='bbox 269 1186 320 1246; x_wconf 89' lang='lat' dir='ltr'><strong>Sic</strong></span> <span class='ocrx_word' id='word_1_32' title='bbox 342 1185 418 1260; x_wconf 87' lang='lat' dir='ltr'><strong>ibat;</strong></span> <span class='ocrx_word' id='word_1_33' title='bbox 441 1186 493 1247; x_wconf 93' lang='lat' dir='ltr'><strong>sed</strong></span> <span class='ocrx_word' id='word_1_34' title='bbox 516 1186 639 1248; x_wconf 91' lang='lat' dir='ltr'><strong>humum</strong></span> <span class='ocrx_word' id='word_1_35' title='bbox 660 1186 775 1250; x_wconf 84' lang='lat' dir='ltr'><strong>decImo</strong></span> <span class='ocrx_word' id='word_1_36' title='bbox 797 1189 875 1250; x_wconf 93' lang='lat' dir='ltr'><strong>haud</strong></span> <span class='ocrx_word' id='word_1_37' title='bbox 896 1190 1045 1269; x_wconf 80' lang='lat' dir='ltr'>pressisse</span> <span class='ocrx_word' id='word_1_38' title='bbox 1067 1200 1201 1269; x_wconf 92' lang='lat' dir='ltr'><strong>putarem</strong></span> 
     </span>
     <span class='ocr_line' id='line_1_7' title="bbox 226 1293 1134 1380; baseline 0.008 -24"><span class='ocrx_word' id='word_1_39' title='bbox 226 1293 309 1357; x_wconf 87' lang='lat' dir='ltr'><strong>Ilane</strong></span> <span class='ocrx_word' id='word_1_40' title='bbox 329 1315 430 1375; x_wconf 91' lang='lat' dir='ltr'><strong>passu,</strong></span> <span class='ocrx_word' id='word_1_41' title='bbox 455 1312 522 1358; x_wconf 87' lang='lat' dir='ltr'><strong>eum</strong></span> <span class='ocrx_word' id='word_1_42' title='bbox 544 1296 647 1358; x_wconf 93' lang='lat' dir='ltr'><strong>oculos</strong></span> <span class='ocrx_word' id='word_1_43' title='bbox 670 1297 765 1358; x_wconf 92' lang='lat' dir='ltr'><strong>oculis</strong></span> <span class='ocrx_word' id='word_1_44' title='bbox 787 1297 859 1360; x_wconf 89' lang='lat' dir='ltr'><strong>mihi</strong></span> <span class='ocrx_word' id='word_1_45' title='bbox 881 1299 1016 1378; x_wconf 88' lang='lat' dir='ltr'><strong>perculit,</strong></span> <span class='ocrx_word' id='word_1_46' title='bbox 1039 1319 1134 1380; x_wconf 91' lang='lat' dir='ltr'><strong>osque</strong></span> 
     </span>
     <span class='ocr_line' id='line_1_8' title="bbox 180 1404 1029 1484; baseline 0.012 -23"><span class='ocrx_word' id='word_1_47' title='bbox 180 1407 210 1462; x_wconf 80' lang='lat'><strong>15</strong></span> <span class='ocrx_word' id='word_1_48' title='bbox 227 1404 399 1484; x_wconf 80' lang='lat' dir='ltr'><strong>Tranquillo</strong></span> <span class='ocrx_word' id='word_1_49' title='bbox 423 1405 542 1466; x_wconf 89' lang='lat' dir='ltr'><strong>solvens</strong></span> <span class='ocrx_word' id='word_1_50' title='bbox 562 1405 658 1467; x_wconf 88' lang='lat' dir='ltr'><strong>vultu:</strong></span> <span class='ocrx_word' id='word_1_51' title='bbox 681 1406 755 1479; x_wconf 87' lang='lat' dir='ltr'><strong>lluc,</strong></span> <span class='ocrx_word' id='word_1_52' title='bbox 778 1407 826 1479; x_wconf 90' lang='lat' dir='ltr'><strong>ait,</strong></span> <span class='ocrx_word' id='word_1_53' title='bbox 850 1408 934 1470; x_wconf 89' lang='lat' dir='ltr'><strong>ocior</strong></span> <span class='ocrx_word' id='word_1_54' title='bbox 956 1416 1029 1480; x_wconf 87' lang='lat' dir='ltr'><strong>esto,</strong></span> 
     </span>
     <span class='ocr_line' id='line_1_9' title="bbox 226 1513 1044 1596; baseline 0.006 -22"><span class='ocrx_word' id='word_1_55' title='bbox 226 1513 263 1574; x_wconf 90' lang='lat' dir='ltr'><strong>Ut</strong></span> <span class='ocrx_word' id='word_1_56' title='bbox 284 1513 361 1575; x_wconf 92' lang='lat' dir='ltr'><strong>bene</strong></span> <span class='ocrx_word' id='word_1_57' title='bbox 383 1514 550 1594; x_wconf 89' lang='lat' dir='ltr'><strong>composito</strong></span> <span class='ocrx_word' id='word_1_58' title='bbox 571 1514 702 1593; x_wconf 88' lang='lat' dir='ltr'><strong>accipias</strong></span> <span class='ocrx_word' id='word_1_59' title='bbox 723 1533 789 1578; x_wconf 90' lang='lat' dir='ltr'><strong>mea</strong></span> <span class='ocrx_word' id='word_1_60' title='bbox 810 1525 931 1596; x_wconf 78' lang='lat' dir='ltr'><strong>pectore</strong></span> <span class='ocrx_word' id='word_1_61' title='bbox 954 1517 1044 1580; x_wconf 91' lang='lat' dir='ltr'><strong>dicta!</strong></span> 
     </span>
     <span class='ocr_line' id='line_1_10' title="bbox 267 1623 1086 1698; baseline 0.006 -13"><span class='ocrx_word' id='word_1_62' title='bbox 267 1623 305 1685; x_wconf 82' lang='lat' dir='ltr'><strong>At</strong></span> <span class='ocrx_word' id='word_1_63' title='bbox 327 1623 414 1685; x_wconf 91' lang='lat' dir='ltr'><strong>simul</strong></span> <span class='ocrx_word' id='word_1_64' title='bbox 436 1623 561 1698; x_wconf 81' lang='lat' dir='ltr'><strong>accessi,</strong></span> <span class='ocrx_word' id='word_1_65' title='bbox 584 1632 617 1686; x_wconf 88' lang='lat' dir='ltr'><strong>ut</strong></span> <span class='ocrx_word' id='word_1_66' title='bbox 638 1624 745 1698; x_wconf 88' lang='lat' dir='ltr'><strong>decuit,</strong></span> <span class='ocrx_word' id='word_1_67' title='bbox 769 1625 813 1687; x_wconf 90' lang='lat' dir='ltr'><strong>sic</strong></span> <span class='ocrx_word' id='word_1_68' title='bbox 834 1644 886 1688; x_wconf 90' lang='lat' dir='ltr'><strong>ore</strong></span> <span class='ocrx_word' id='word_1_69' title='bbox 907 1626 1005 1689; x_wconf 89' lang='lat' dir='ltr'><strong>locuta</strong></span> <span class='ocrx_word' id='word_1_70' title='bbox 1027 1636 1086 1690; x_wconf 88' lang='lat' dir='ltr'><strong>est:</strong></span> 
     </span>
     <span class='ocr_line' id='line_1_11' title="bbox 227 1732 1046 1807; baseline 0.005 -13"><span class='ocrx_word' id='word_1_71' title='bbox 227 1733 286 1794; x_wconf 82' lang='lat' dir='ltr'><strong>Cur</strong></span> <span class='ocrx_word' id='word_1_72' title='bbox 306 1751 423 1794; x_wconf 87' lang='lat' dir='ltr'><strong>meeum</strong></span> <span class='ocrx_word' id='word_1_73' title='bbox 444 1735 568 1796; x_wconf 85' lang='lat' dir='ltr'><strong>veniens</strong></span> <span class='ocrx_word' id='word_1_74' title='bbox 590 1732 664 1795; x_wconf 89' lang='lat' dir='ltr'><strong>nihil</strong></span> <span class='ocrx_word' id='word_1_75' title='bbox 686 1734 777 1796; x_wconf 89' lang='lat' dir='ltr'><strong>audes</strong></span> <span class='ocrx_word' id='word_1_76' title='bbox 801 1735 909 1807; x_wconf 91' lang='lat' dir='ltr'><strong>dicere,</strong></span> <span class='ocrx_word' id='word_1_77' title='bbox 932 1736 1046 1798; x_wconf 75' lang='lat' dir='ltr'><strong>irater?</strong></span> 
     </span>
     <span class='ocr_line' id='line_1_12' title="bbox 228 1842 1086 1926; baseline 0.005 -22"><span class='ocrx_word' id='word_1_78' title='bbox 228 1842 347 1916; x_wconf 81' lang='lat' dir='ltr'>Quales,</span> <span class='ocrx_word' id='word_1_79' title='bbox 371 1862 447 1923; x_wconf 93' lang='lat' dir='ltr'><strong>quos</strong></span> <span class='ocrx_word' id='word_1_80' title='bbox 469 1844 594 1905; x_wconf 90' lang='lat' dir='ltr'><strong>nimium</strong></span> <span class='ocrx_word' id='word_1_81' title='bbox 614 1861 773 1922; x_wconf 90' lang='lat' dir='ltr'><strong>procerum</strong></span> <span class='ocrx_word' id='word_1_82' title='bbox 794 1844 961 1922; x_wconf 89' lang='lat' dir='ltr'><strong>praesentia</strong></span> <span class='ocrx_word' id='word_1_83' title='bbox 985 1847 1086 1926; x_wconf 83' lang='lat' dir='ltr'><strong>tangit,</strong></span> 
     </span>
     <span class='ocr_line' id='line_1_13' title="bbox 178 1951 949 2016; baseline 0.005 -6"><span class='ocrx_word' id='word_1_84' title='bbox 178 1959 211 2011; x_wconf 78' lang='lat'><strong>2⁰</strong></span> <span class='ocrx_word' id='word_1_85' title='bbox 224 1953 301 2014; x_wconf 82' lang='lat' dir='ltr'><strong>Ante</strong></span> <span class='ocrx_word' id='word_1_86' title='bbox 322 1951 391 2014; x_wconf 90' lang='lat' dir='ltr'><strong>illos</strong></span> <span class='ocrx_word' id='word_1_87' title='bbox 412 1953 468 2015; x_wconf 84' lang='lat' dir='ltr'><strong>lari</strong></span> <span class='ocrx_word' id='word_1_88' title='bbox 489 1960 624 2015; x_wconf 90' lang='lat' dir='ltr'><strong>mussant</strong></span> <span class='ocrx_word' id='word_1_89' title='bbox 645 1962 675 2015; x_wconf 87' lang='lat' dir='ltr'><strong>et</strong></span> <span class='ocrx_word' id='word_1_90' title='bbox 696 1953 835 2015; x_wconf 89' lang='lat' dir='ltr'><strong>dentibus</strong></span> <span class='ocrx_word' id='word_1_91' title='bbox 857 1953 949 2016; x_wconf 89' lang='lat' dir='ltr'><strong>edunt</strong></span> 
     </span>
     <span class='ocr_line' id='line_1_14' title="bbox 226 2062 929 2141; baseline 0.001 -18"><span class='ocrx_word' id='word_1_92' title='bbox 226 2063 336 2125; x_wconf 84' lang='lat' dir='ltr'><strong>Vocem</strong></span> <span class='ocrx_word' id='word_1_93' title='bbox 358 2080 418 2124; x_wconf 91' lang='lat' dir='ltr'><strong>uou</strong></span> <span class='ocrx_word' id='word_1_94' title='bbox 439 2063 549 2136; x_wconf 70' lang='lat' dir='ltr'><strong>viram,</strong></span> <span class='ocrx_word' id='word_1_95' title='bbox 572 2062 638 2124; x_wconf 87' lang='lat' dir='ltr'><strong>talis</strong></span> <span class='ocrx_word' id='word_1_96' title='bbox 660 2080 806 2141; x_wconf 88' lang='lat' dir='ltr'><strong>respousa</strong></span> <span class='ocrx_word' id='word_1_97' title='bbox 827 2063 929 2124; x_wconf 90' lang='lat' dir='ltr'><strong>remisi</strong></span> 
     </span>
     <span class='ocr_line' id='line_1_15' title="bbox 226 2171 1002 2251; baseline 0.003 -18"><span class='ocrx_word' id='word_1_98' title='bbox 226 2172 403 2251; x_wconf 88' lang='lat' dir='ltr'><strong>Imperleeta</strong></span> <span class='ocrx_word' id='word_1_99' title='bbox 426 2190 516 2234; x_wconf 87' lang='lat' dir='ltr'><strong>sono:</strong></span> <span class='ocrx_word' id='word_1_100' title='bbox 538 2173 596 2234; x_wconf 83' lang='lat' dir='ltr'><strong>Fas</strong></span> <span class='ocrx_word' id='word_1_101' title='bbox 618 2171 738 2233; x_wconf 87' lang='lat' dir='ltr'><strong>esttibi</strong></span> <span class='ocrx_word' id='word_1_102' title='bbox 762 2189 897 2246; x_wconf 89' lang='lat' dir='ltr'><strong>noscere,</strong></span> <span class='ocrx_word' id='word_1_103' title='bbox 920 2173 1002 2248; x_wconf 84' lang='lat' dir='ltr'><strong>Divo,</strong></span> 
     </span>
     <span class='ocr_line' id='line_1_16' title="bbox 228 2281 1142 2361; baseline 0.007 -19"><span class='ocrx_word' id='word_1_104' title='bbox 228 2281 305 2354; x_wconf 83' lang='lat' dir='ltr'><strong>Quid</strong></span> <span class='ocrx_word' id='word_1_105' title='bbox 327 2299 393 2344; x_wconf 87' lang='lat' dir='ltr'><strong>mea</strong></span> <span class='ocrx_word' id='word_1_106' title='bbox 414 2299 464 2342; x_wconf 93' lang='lat' dir='ltr'><strong>res</strong></span> <span class='ocrx_word' id='word_1_107' title='bbox 485 2289 599 2360; x_wconf 85' lang='lat' dir='ltr'><strong>poscat,</strong></span> <span class='ocrx_word' id='word_1_108' title='bbox 622 2281 729 2361; x_wconf 84' lang='lat' dir='ltr'><strong>quidve</strong></span> <span class='ocrx_word' id='word_1_109' title='bbox 750 2281 821 2342; x_wconf 88' lang='lat' dir='ltr'><strong>huie</strong></span> <span class='ocrx_word' id='word_1_110' title='bbox 841 2282 935 2357; x_wconf 83' lang='lat' dir='ltr'><strong>magis</strong></span> <span class='ocrx_word' id='word_1_111' title='bbox 955 2284 1027 2345; x_wconf 90' lang='lat' dir='ltr'><strong>utile</strong></span> <span class='ocrx_word' id='word_1_112' title='bbox 1048 2286 1142 2350; x_wconf 89' lang='lat' dir='ltr'><strong>cedat.</strong></span> 
     </span>
     <span class='ocr_line' id='line_1_17' title="bbox 268 2390 1065 2472; baseline 0.006 -20"><span class='ocrx_word' id='word_1_113' title='bbox 268 2391 322 2453; x_wconf 89' lang='lat' dir='ltr'><strong>Illa</strong></span> <span class='ocrx_word' id='word_1_114' title='bbox 342 2391 433 2452; x_wconf 90' lang='lat' dir='ltr'><strong>mihi:</strong></span> <span class='ocrx_word' id='word_1_115' title='bbox 455 2392 519 2452; x_wconf 89' lang='lat' dir='ltr'><strong>Jam</strong></span> <span class='ocrx_word' id='word_1_116' title='bbox 543 2391 633 2452; x_wconf 90' lang='lat' dir='ltr'><strong>corda</strong></span> <span class='ocrx_word' id='word_1_117' title='bbox 653 2399 736 2453; x_wconf 91' lang='lat' dir='ltr'><strong>metu</strong></span> <span class='ocrx_word' id='word_1_118' title='bbox 757 2390 929 2471; x_wconf 89' lang='lat' dir='ltr'><strong>vultumque</strong></span> <span class='ocrx_word' id='word_1_119' title='bbox 950 2394 1065 2472; x_wconf 91' lang='lat' dir='ltr'><strong>pudore</strong></span> 
     </span>
     <span class='ocr_line' id='line_1_18' title="bbox 177 2499 973 2582; baseline 0.011 -26"><span class='ocrx_word' id='word_1_120' title='bbox 177 2501 210 2556; x_wconf 77' lang='lat'><strong>25</strong></span> <span class='ocrx_word' id='word_1_121' title='bbox 226 2499 349 2563; x_wconf 86' lang='lat' dir='ltr'><strong>Solvere</strong></span> <span class='ocrx_word' id='word_1_122' title='bbox 371 2507 400 2562; x_wconf 91' lang='lat' dir='ltr'><strong>te</strong></span> <span class='ocrx_word' id='word_1_123' title='bbox 418 2500 521 2582; x_wconf 87' lang='lat' dir='ltr'><strong>jubeo,</strong></span> <span class='ocrx_word' id='word_1_124' title='bbox 543 2519 591 2574; x_wconf 91' lang='lat' dir='ltr'><strong>ne,</strong></span> <span class='ocrx_word' id='word_1_125' title='bbox 614 2500 729 2562; x_wconf 90' lang='lat' dir='ltr'><strong>somnia</strong></span> <span class='ocrx_word' id='word_1_126' title='bbox 750 2518 825 2562; x_wconf 82' lang='lat' dir='ltr'><strong>roua</strong></span> <span class='ocrx_word' id='word_1_127' title='bbox 845 2501 973 2564; x_wconf 84' lang='lat' dir='ltr'><strong>videntis</strong></span> 
     </span>
     <span class='ocr_line' id='line_1_19' title="bbox 225 2610 978 2690; baseline 0.003 -18"><span class='ocrx_word' id='word_1_128' title='bbox 225 2610 394 2682; x_wconf 76' lang='lat' dir='ltr'><strong>Mercuri,</strong></span> <span class='ocrx_word' id='word_1_129' title='bbox 416 2611 543 2690; x_wconf 90' lang='lat' dir='ltr'><strong>posthac</strong></span> <span class='ocrx_word' id='word_1_130' title='bbox 564 2610 662 2672; x_wconf 93' lang='lat' dir='ltr'><strong>mittas</strong></span> <span class='ocrx_word' id='word_1_131' title='bbox 684 2628 701 2671; x_wconf 88' lang='lat' dir='ltr'><strong>e</strong></span> <span class='ocrx_word' id='word_1_132' title='bbox 721 2621 843 2690; x_wconf 83' lang='lat' dir='ltr'><strong>pectore</strong></span> <span class='ocrx_word' id='word_1_133' title='bbox 863 2629 978 2674; x_wconf 85' lang='lat' dir='ltr'><strong>vocem.</strong></span> 
     </span>
     <span class='ocr_line' id='line_1_20' title="bbox 225 2720 1138 2806; baseline 0.007 -25"><span class='ocrx_word' id='word_1_134' title='bbox 225 2720 323 2793; x_wconf 85' lang='lat' dir='ltr'><strong>Disce,</strong></span> <span class='ocrx_word' id='word_1_135' title='bbox 345 2720 439 2782; x_wconf 85' lang='lat' dir='ltr'><strong>luisse</strong></span> <span class='ocrx_word' id='word_1_136' title='bbox 461 2739 558 2801; x_wconf 89' lang='lat' dir='ltr'><strong>neque</strong></span> <span class='ocrx_word' id='word_1_137' title='bbox 581 2739 649 2782; x_wconf 89' lang='lat' dir='ltr'><strong>esse</strong></span> <span class='ocrx_word' id='word_1_138' title='bbox 670 2737 805 2800; x_wconf 89' lang='lat' dir='ltr'><strong>usquam,</strong></span> <span class='ocrx_word' id='word_1_139' title='bbox 829 2721 909 2800; x_wconf 92' lang='lat' dir='ltr'><strong>quod</strong></span> <span class='ocrx_word' id='word_1_140' title='bbox 930 2722 1036 2804; x_wconf 86' lang='lat' dir='ltr'><strong>reptile</strong></span> <span class='ocrx_word' id='word_1_141' title='bbox 1057 2726 1138 2806; x_wconf 89' lang='lat' dir='ltr'><strong>rupit</strong></span> 
     </span>
     <span class='ocr_line' id='line_1_21' title="bbox 225 2829 903 2910; baseline 0.003 -18"><span class='ocrx_word' id='word_1_142' title='bbox 225 2831 299 2905; x_wconf 77' lang='lat' dir='ltr'><strong>Vas3</strong></span> <span class='ocrx_word' id='word_1_143' title='bbox 322 2838 352 2892; x_wconf 86' lang='lat' dir='ltr'><strong>at</strong></span> <span class='ocrx_word' id='word_1_144' title='bbox 373 2830 423 2910; x_wconf 93' lang='lat' dir='ltr'><strong>qui</strong></span> <span class='ocrx_word' id='word_1_145' title='bbox 444 2829 539 2903; x_wconf 87' lang='lat' dir='ltr'><strong>leesit,</strong></span> <span class='ocrx_word' id='word_1_146' title='bbox 561 2847 622 2891; x_wconf 92' lang='lat' dir='ltr'><strong>uon</strong></span> <span class='ocrx_word' id='word_1_147' title='bbox 644 2829 822 2892; x_wconf 89' lang='lat' dir='ltr'><strong>deterrerier</strong></span> <span class='ocrx_word' id='word_1_148' title='bbox 844 2833 903 2894; x_wconf 81' lang='lat' dir='ltr'><strong>offa</strong></span> 
     </span>
     <span class='ocr_line' id='line_1_22' title="bbox 225 2939 816 3018; baseline 0 -16"><span class='ocrx_word' id='word_1_149' title='bbox 225 2940 330 3002; x_wconf 91' lang='lat' dir='ltr'><strong>lutrita</strong></span> <span class='ocrx_word' id='word_1_150' title='bbox 350 2940 418 3002; x_wconf 78' lang='lat' dir='ltr'><strong>uiuo</strong></span> <span class='ocrx_word' id='word_1_151' title='bbox 441 2939 574 3018; x_wconf 89' lang='lat' dir='ltr'><strong>supremi</strong></span> <span class='ocrx_word' id='word_1_152' title='bbox 593 2940 719 3001; x_wconf 87' lang='lat' dir='ltr'><strong>viudicis</strong></span> <span class='ocrx_word' id='word_1_153' title='bbox 741 2941 816 3002; x_wconf 87' lang='lat' dir='ltr'><strong>iram</strong></span> 
     </span>
     <span class='ocr_line' id='line_1_23' title="bbox 177 3048 1027 3126; baseline 0.004 -16"><span class='ocrx_word' id='word_1_154' title='bbox 177 3059 209 3111; x_wconf 75' lang='lat' dir='ltr'><strong>stt</strong></span> <span class='ocrx_word' id='word_1_155' title='bbox 226 3050 342 3112; x_wconf 83' lang='lat' dir='ltr'><strong>Credat.</strong></span> <span class='ocrx_word' id='word_1_156' title='bbox 385 3049 447 3111; x_wconf 87' lang='lat' dir='ltr'><strong>Nec</strong></span> <span class='ocrx_word' id='word_1_157' title='bbox 468 3048 589 3126; x_wconf 82' lang='lat' dir='ltr'><strong>longum</strong></span> <span class='ocrx_word' id='word_1_158' title='bbox 611 3049 727 3111; x_wconf 88' lang='lat' dir='ltr'><strong>viduata</strong></span> <span class='ocrx_word' id='word_1_159' title='bbox 749 3051 877 3112; x_wconf 87' lang='lat' dir='ltr'><strong>haerede</strong></span> <span class='ocrx_word' id='word_1_160' title='bbox 899 3051 1027 3114; x_wconf 90' lang='lat' dir='ltr'><strong>mauebit</strong></span> 
     </span>
     <span class='ocr_line' id='line_1_24' title="bbox 227 3158 1058 3243; baseline 0.004 -23"><span class='ocrx_word' id='word_1_161' title='bbox 227 3161 309 3233; x_wconf 83' lang='lat' dir='ltr'><strong>Quae</strong></span> <span class='ocrx_word' id='word_1_162' title='bbox 330 3158 460 3220; x_wconf 84' lang='lat' dir='ltr'><strong>volucris</strong></span> <span class='ocrx_word' id='word_1_163' title='bbox 480 3177 595 3238; x_wconf 89' lang='lat' dir='ltr'><strong>pennas</strong></span> <span class='ocrx_word' id='word_1_164' title='bbox 617 3159 652 3220; x_wconf 91' lang='lat' dir='ltr'><strong>ad</strong></span> <span class='ocrx_word' id='word_1_165' title='bbox 676 3178 794 3221; x_wconf 89' lang='lat' dir='ltr'><strong>currum</strong></span> <span class='ocrx_word' id='word_1_166' title='bbox 816 3159 956 3243; x_wconf 81' lang='lat' dir='ltr'><strong>liquerot3</strong></span> <span class='ocrx_word' id='word_1_167' title='bbox 980 3161 1058 3223; x_wconf 92' lang='lat' dir='ltr'><strong>uude</strong></span> 
     </span>
     <span class='ocr_line' id='line_1_25' title="bbox 224 3268 1012 3348; baseline 0.001 -17"><span class='ocrx_word' id='word_1_168' title='bbox 224 3268 325 3332; x_wconf 80' lang='lat' dir='ltr'><strong>Evasit</strong></span> <span class='ocrx_word' id='word_1_169' title='bbox 345 3275 520 3342; x_wconf 91' lang='lat' dir='ltr'><strong>monstrum,</strong></span> <span class='ocrx_word' id='word_1_170' title='bbox 543 3268 661 3330; x_wconf 90' lang='lat' dir='ltr'><strong>labente</strong></span> <span class='ocrx_word' id='word_1_171' title='bbox 683 3287 718 3329; x_wconf 89' lang='lat' dir='ltr'><strong>oc</strong></span> <span class='ocrx_word' id='word_1_172' title='bbox 739 3276 872 3348; x_wconf 89' lang='lat' dir='ltr'><strong>tempore</strong></span> <span class='ocrx_word' id='word_1_173' title='bbox 894 3271 1012 3348; x_wconf 87' lang='lat' dir='ltr'><strong>praeda.</strong></span> 
     </span>
     <span class='ocr_line' id='line_1_26' title="bbox 225 3378 1026 3460; baseline 0.004 -21"><span class='ocrx_word' id='word_1_174' title='bbox 225 3379 299 3440; x_wconf 84' lang='lat' dir='ltr'><strong>Nam</strong></span> <span class='ocrx_word' id='word_1_175' title='bbox 319 3378 405 3440; x_wconf 85' lang='lat' dir='ltr'><strong>video</strong></span> <span class='ocrx_word' id='word_1_176' title='bbox 428 3387 518 3452; x_wconf 89' lang='lat' dir='ltr'><strong>certe,</strong></span> <span class='ocrx_word' id='word_1_177' title='bbox 539 3379 630 3458; x_wconf 90' lang='lat' dir='ltr'><strong>idque</strong></span> <span class='ocrx_word' id='word_1_178' title='bbox 652 3379 727 3440; x_wconf 89' lang='lat' dir='ltr'><strong>odeo</strong></span> <span class='ocrx_word' id='word_1_179' title='bbox 748 3397 885 3441; x_wconf 88' lang='lat' dir='ltr'><strong>narrasse</strong></span> <span class='ocrx_word' id='word_1_180' title='bbox 904 3379 1026 3460; x_wconf 83' lang='lat' dir='ltr'><strong>juvabit,</strong></span> 
     </span>
     <span class='ocr_line' id='line_1_27' title="bbox 226 3487 926 3567; baseline 0.004 -18"><span class='ocrx_word' id='word_1_181' title='bbox 226 3489 292 3550; x_wconf 91' lang='lat' dir='ltr'><strong>Nou</strong></span> <span class='ocrx_word' id='word_1_182' title='bbox 315 3488 388 3550; x_wconf 88' lang='lat' dir='ltr'><strong>adeo</strong></span> <span class='ocrx_word' id='word_1_183' title='bbox 411 3488 499 3567; x_wconf 86' lang='lat' dir='ltr'><strong>louge</strong></span> <span class='ocrx_word' id='word_1_184' title='bbox 521 3488 659 3552; x_wconf 88' lang='lat' dir='ltr'><strong>ducentia</strong></span> <span class='ocrx_word' id='word_1_185' title='bbox 681 3495 798 3567; x_wconf 89' lang='lat' dir='ltr'><strong>tempus</strong></span> <span class='ocrx_word' id='word_1_186' title='bbox 820 3487 926 3552; x_wconf 88' lang='lat' dir='ltr'><strong>abesse</strong></span> 
     </span>
     <span class='ocr_line' id='line_1_28' title="bbox 178 3597 998 3679; baseline -0.004 -15"><span class='ocrx_word' id='word_1_187' title='bbox 178 3611 210 3664; x_wconf 78' lang='lat'><strong>35</strong></span> <span class='ocrx_word' id='word_1_188' title='bbox 227 3599 340 3672; x_wconf 88' lang='lat' dir='ltr'><strong>Sidera,</strong></span> <span class='ocrx_word' id='word_1_189' title='bbox 364 3597 401 3660; x_wconf 87' lang='lat' dir='ltr'><strong>ob</strong></span> <span class='ocrx_word' id='word_1_190' title='bbox 424 3598 541 3659; x_wconf 82' lang='lat' dir='ltr'><strong>offensu</strong></span> <span class='ocrx_word' id='word_1_191' title='bbox 564 3598 667 3678; x_wconf 92' lang='lat' dir='ltr'><strong>quovis</strong></span> <span class='ocrx_word' id='word_1_192' title='bbox 689 3606 778 3678; x_wconf 89' lang='lat' dir='ltr'><strong>atque</strong></span> <span class='ocrx_word' id='word_1_193' title='bbox 800 3598 898 3679; x_wconf 87' lang='lat' dir='ltr'><strong>objice</strong></span> <span class='ocrx_word' id='word_1_194' title='bbox 921 3606 998 3674; x_wconf 81' lang='lat' dir='ltr'><strong>tuto3</strong></span> 
     </span>
     <span class='ocr_line' id='line_1_29' title="bbox 228 3707 1176 3793; baseline 0.005 -24"><span class='ocrx_word' id='word_1_195' title='bbox 228 3708 303 3781; x_wconf 85' lang='lat' dir='ltr'><strong>Quo,</strong></span> <span class='ocrx_word' id='word_1_196' title='bbox 327 3726 401 3788; x_wconf 89' lang='lat' dir='ltr'><strong>quae</strong></span> <span class='ocrx_word' id='word_1_197' title='bbox 423 3707 601 3787; x_wconf 86' lang='lat' dir='ltr'><strong>quingentos</strong></span> <span class='ocrx_word' id='word_1_198' title='bbox 623 3717 779 3770; x_wconf 85' lang='lat' dir='ltr'><strong>numerant</strong></span> <span class='ocrx_word' id='word_1_199' title='bbox 801 3716 830 3770; x_wconf 92' lang='lat' dir='ltr'><strong>et</strong></span> <span class='ocrx_word' id='word_1_200' title='bbox 852 3709 982 3789; x_wconf 85' lang='lat' dir='ltr'><strong>quinque</strong></span> <span class='ocrx_word' id='word_1_201' title='bbox 1004 3711 1176 3793; x_wconf 89' lang='lat' dir='ltr'><strong>decemque,</strong></span> 
     </span>
     <span class='ocr_line' id='line_1_30' title="bbox 226 3817 1049 3897; baseline 0.005 -19"><span class='ocrx_word' id='word_1_202' title='bbox 226 3817 325 3896; x_wconf 77' lang='lat' dir='ltr'><strong>Signa,</strong></span> <span class='ocrx_word' id='word_1_203' title='bbox 347 3818 408 3880; x_wconf 87' lang='lat' dir='ltr'><strong>Deo</strong></span> <span class='ocrx_word' id='word_1_204' title='bbox 431 3818 575 3892; x_wconf 84' lang='lat' dir='ltr'><strong>mittente,</strong></span> <span class='ocrx_word' id='word_1_205' title='bbox 599 3817 721 3890; x_wconf 86' lang='lat' dir='ltr'><strong>debunt,</strong></span> <span class='ocrx_word' id='word_1_206' title='bbox 745 3818 796 3897; x_wconf 92' lang='lat' dir='ltr'><strong>qui</strong></span> <span class='ocrx_word' id='word_1_207' title='bbox 818 3818 909 3880; x_wconf 85' lang='lat' dir='ltr'><strong>caede</strong></span> <span class='ocrx_word' id='word_1_208' title='bbox 932 3820 1049 3882; x_wconf 85' lang='lat' dir='ltr'><strong>necabit</strong></span> 
     </span>
     <span class='ocr_line' id='line_1_31' title="bbox 224 3927 1092 4008; baseline 0.005 -19"><span class='ocrx_word' id='word_1_209' title='bbox 224 3928 375 4007; x_wconf 90' lang='lat' dir='ltr'><strong>Impuram</strong></span> <span class='ocrx_word' id='word_1_210' title='bbox 397 3927 613 4008; x_wconf 86' lang='lat' dir='ltr'><strong>audentemque</strong></span> <span class='ocrx_word' id='word_1_211' title='bbox 636 3928 723 3990; x_wconf 82' lang='lat' dir='ltr'><strong>slmol</strong></span> <span class='ocrx_word' id='word_1_212' title='bbox 744 3947 804 3990; x_wconf 92' lang='lat' dir='ltr'><strong>uon</strong></span> <span class='ocrx_word' id='word_1_213' title='bbox 826 3929 914 3990; x_wconf 90' lang='lat' dir='ltr'><strong>landa</strong></span> <span class='ocrx_word' id='word_1_214' title='bbox 935 3929 1092 4006; x_wconf 70' lang='lat' dir='ltr'><strong>gigantem.</strong></span> 
     </span>
     <span class='ocr_line' id='line_1_32' title="bbox 225 4036 1169 4121; baseline 0.01 -25"><span class='ocrx_word' id='word_1_215' title='bbox 225 4036 262 4098; x_wconf 82' lang='lat' dir='ltr'><strong>dt</strong></span> <span class='ocrx_word' id='word_1_216' title='bbox 279 4056 364 4098; x_wconf 88' lang='lat' dir='ltr'><strong>meus</strong></span> <span class='ocrx_word' id='word_1_217' title='bbox 385 4037 436 4098; x_wconf 88' lang='lat' dir='ltr'><strong>hic</strong></span> <span class='ocrx_word' id='word_1_218' title='bbox 457 4055 566 4111; x_wconf 91' lang='lat' dir='ltr'><strong>senno,</strong></span> <span class='ocrx_word' id='word_1_219' title='bbox 589 4046 622 4099; x_wconf 92' lang='lat' dir='ltr'><strong>ut</strong></span> <span class='ocrx_word' id='word_1_220' title='bbox 643 4037 796 4100; x_wconf 82' lang='lat' dir='ltr'><strong>Themidis</strong></span> <span class='ocrx_word' id='word_1_221' title='bbox 819 4039 1020 4119; x_wconf 82' lang='lat' dir='ltr'><strong>Splriugisque</strong></span> <span class='ocrx_word' id='word_1_222' title='bbox 1041 4040 1169 4121; x_wconf 87' lang='lat' dir='ltr'><strong>loquela,</strong></span> 
     </span>
     <span class='ocr_line' id='line_1_33' title="bbox 176 4147 989 4223; baseline 0.009 -20"><span class='ocrx_word' id='word_1_223' title='bbox 176 4149 209 4202; x_wconf 81' lang='lat' dir='ltr'><strong>to</strong></span> <span class='ocrx_word' id='word_1_224' title='bbox 224 4147 358 4220; x_wconf 76' lang='lat' dir='ltr'><strong>Additus,</strong></span> <span class='ocrx_word' id='word_1_225' title='bbox 381 4147 411 4208; x_wconf 89' lang='lat' dir='ltr'><strong>id</strong></span> <span class='ocrx_word' id='word_1_226' title='bbox 433 4147 487 4208; x_wconf 89' lang='lat' dir='ltr'><strong>tihi</strong></span> <span class='ocrx_word' id='word_1_227' title='bbox 508 4148 585 4209; x_wconf 85' lang='lat' dir='ltr'><strong>forte</strong></span> <span class='ocrx_word' id='word_1_228' title='bbox 606 4149 705 4210; x_wconf 89' lang='lat' dir='ltr'><strong>miuus</strong></span> <span class='ocrx_word' id='word_1_229' title='bbox 727 4148 851 4210; x_wconf 86' lang='lat' dir='ltr'><strong>suadere</strong></span> <span class='ocrx_word' id='word_1_230' title='bbox 873 4148 989 4223; x_wconf 85' lang='lat' dir='ltr'><strong>valebit,</strong></span> 
     </span>
     <span class='ocr_line' id='line_1_34' title="bbox 150 4255 1006 4336; baseline 0.001 -15"><span class='ocrx_word' id='word_1_231' title='bbox 150 4313 153 4321; x_wconf 85' lang='grc'><em>,</em></span> <span class='ocrx_word' id='word_1_232' title='bbox 226 4255 283 4329; x_wconf 84' lang='lat' dir='ltr'><strong>Qui</strong></span> <span class='ocrx_word' id='word_1_233' title='bbox 305 4274 388 4318; x_wconf 91' lang='lat' dir='ltr'><strong>more</strong></span> <span class='ocrx_word' id='word_1_234' title='bbox 410 4256 527 4319; x_wconf 90' lang='lat' dir='ltr'><strong>illarum</strong></span> <span class='ocrx_word' id='word_1_235' title='bbox 548 4264 664 4320; x_wconf 88' lang='lat' dir='ltr'><strong>mentes</strong></span> <span class='ocrx_word' id='word_1_236' title='bbox 686 4257 860 4336; x_wconf 78' lang='lat' dir='ltr'><strong>ambagibus</strong></span> <span class='ocrx_word' id='word_1_237' title='bbox 881 4259 1006 4322; x_wconf 84' lang='lat' dir='ltr'><strong>umbrat.</strong></span> 
     </span>
     <span class='ocr_line' id='line_1_35' title="bbox 224 4365 1037 4447; baseline 0.009 -21"><span class='ocrx_word' id='word_1_238' title='bbox 224 4367 261 4426; x_wconf 79' lang='lat' dir='ltr'><strong>tt</strong></span> <span class='ocrx_word' id='word_1_239' title='bbox 281 4385 337 4445; x_wconf 92' lang='lat' dir='ltr'><strong>pro</strong></span> <span class='ocrx_word' id='word_1_240' title='bbox 359 4365 521 4446; x_wconf 87' lang='lat' dir='ltr'><strong>Najadibns</strong></span> <span class='ocrx_word' id='word_1_241' title='bbox 542 4386 611 4428; x_wconf 86' lang='lat' dir='ltr'><strong>mox</strong></span> <span class='ocrx_word' id='word_1_242' title='bbox 633 4368 709 4429; x_wconf 88' lang='lat' dir='ltr'><strong>lacto</strong></span> <span class='ocrx_word' id='word_1_243' title='bbox 732 4367 867 4447; x_wconf 79' lang='lat' dir='ltr'><strong>aenIgma</strong></span> <span class='ocrx_word' id='word_1_244' title='bbox 887 4370 1037 4433; x_wconf 84' lang='lat' dir='ltr'><strong>resolvent</strong></span> 
     </span>
     <span class='ocr_line' id='line_1_36' title="bbox 224 4475 1012 4559; baseline 0.01 -24"><span class='ocrx_word' id='word_1_245' title='bbox 224 4475 289 4536; x_wconf 89' lang='lat' dir='ltr'><strong>Hoc</strong></span> <span class='ocrx_word' id='word_1_246' title='bbox 310 4477 426 4550; x_wconf 86' lang='lat' dir='ltr'><strong>durum,</strong></span> <span class='ocrx_word' id='word_1_247' title='bbox 449 4476 527 4540; x_wconf 88' lang='lat' dir='ltr'><strong>nulla</strong></span> <span class='ocrx_word' id='word_1_248' title='bbox 549 4476 697 4556; x_wconf 87' lang='lat' dir='ltr'><strong>pecudum</strong></span> <span class='ocrx_word' id='word_1_249' title='bbox 719 4478 896 4559; x_wconf 77' lang='lat' dir='ltr'><strong>frugumque</strong></span> <span class='ocrx_word' id='word_1_250' title='bbox 917 4481 1012 4543; x_wconf 90' lang='lat' dir='ltr'><strong>ruiua.</strong></span> 
     </span>
    </p>
   </div>
   <div class='ocr_carea' id='block_1_3' title="bbox 0 8 1622 5396">
    <p class='ocr_par' dir='ltr' id='par_1_3' title="bbox 0 8 1622 5396">
     <span class='ocr_line' id='line_1_37' title="bbox 0 8 1622 5396; baseline 0 1"><span class='ocrx_word' id='word_1_251' title='bbox 0 8 1622 5396; x_wconf 95' lang='lat' dir='ltr'><strong> </strong></span> 
     </span>
    </p>
   </div>
  </div>
 </body>
</html>
