3236 5394
326 569 369 632 42
768 569 962 622 INFERNORUM
980 569 1017 619 xi.

343 801 377 853 40
435 789 485 851 Fit
506 755 640 873 quoque,
662 789 747 852 utin
770 809 803 851 se
826 789 934 869 aliquis
954 787 1103 852 violentus
1126 789 1252 862 saeviat,
1276 799 1395 852 autres

393 898 427 960 111
449 901 604 980 propriam
627 919 718 980 quare
741 907 787 960 est
807 917 877 979 par,
901 900 978 979 septi
1000 901 1085 962 utin
1108 899 1180 961 orbe
1203 901 1326 962 secundi

393 1009 515 1071 Frustra
536 1009 704 1090 poeniteat,
728 1008 778 1090 qui
800 1008 908 1071 vestris
930 1028 963 1070 se
986 1009 1098 1090 expulit
1120 1009 1191 1082 oris,

395 1120 454 1194 Qui
477 1120 611 1198 indulget
631 1119 700 1180 ludo
723 1125 812 1199 atque
834 1137 885 1180 aes
908 1119 1102 1199 fortunasque
1123 1119 1287 1198 profundit,

394 1231 532 1310 Fletque,
554 1229 606 1291 ubi
624 1229 787 1310 jucundam
809 1235 913 1308 posset
933 1229 1099 1308 producere
1122 1229 1221 1290 1111111.

343 1343 377 1396 45
436 1340 490 1402 Ε11
511 1339 622 1402 inferre
643 1340 705 1400 Deo
727 1337 801 1412 vim,
826 1337 852 1398 si
875 1337 942 1418 quis
965 1338 1055 1400 eorde
1076 1347 1207 1417 negaret,

394 1451 480 1512 Hunc
502 1467 570 1512 esse
592 1449 623 1510 in
646 1448 744 1520 coeio,
768 1457 798 1510 et
818 1447 976 1510 maledicta
998 1458 1087 1528 etque
1108 1448 1200 1528 impia
1221 1448 1311 1511 verba

394 1560 481 1622 diune
502 1568 605 1622 contra
627 1557 773 1631 effundat,
796 1565 933 1619 naturam
955 1569 1078 1637 spernat
1099 1568 1130 1620 et
1151 1557 1240 1638 hujus
1380 1547 1387 1554 “

395 1670 566 1749 Ingenium,
590 1668 726 1730 auctitica
748 1666 881 1729 bonitate
900 1667 1003 1747 juvare
1025 1675 1171 1747 paratum.

396 1782 520 1861 Septum
542 1779 610 1840 ideo
632 1777 789 1840 minimum
811 1777 953 1838 Sooorrrn
975 1776 1120 1858 imprimit
1142 1785 1230 1858 atque
1254 1778 1387 1840 Cnousrn

344 1894 378 1948 51)
396 1891 535 1969 Signum,
559 1885 886 1969 spementiquedieum
908 1887 1013 1961 cordo,
1037 1905 1088 1948 ore
1111 1887 1225 1950 fatenti.

436 2000 597 2072 Fraudem,
621 2006 726 2060 cuncta
748 2015 803 2058 suo
826 2015 902 2077 quae
922 1996 1003 2058 rodit
1025 1996 1146 2058 conscia
1167 2016 1270 2058 morsu

394 2111 535 2182 Pectora,
559 2109 655 2172 tendit
675 2109 781 2181 homo,
805 2123 872 2168 cum
894 2107 949 2168 hos
973 2117 1091 2168 etcum
1114 2106 1227 2186 decipit
1247 2106 1315 2168 ilios

396 2219 556 2282 Credentes
578 2217 684 2291 nimis,
708 2225 796 2297 atque
819 2215 933 2296 ipsum,
957 2216 1008 2296 qui
1031 2217 1151 2278 nomina
1174 2216 1284 2295 scripto

394 2331 461 2391 Non
480 2329 555 2409 jacit
575 2328 605 2390 in
627 2329 753 2390 loculos.
796 2326 882 2388 Ratio
905 2326 979 2387 haec
999 2333 1151 2406 postrema
1172 2326 1289 2388 videtur

345 2444 378 2498 55
395 2441 494 2502 Altera
516 2457 597 2500 mors
618 2436 746 2510 homini,
771 2435 809 2496 ob
830 2435 976 2509 vinclum,
1000 2437 1079 2517 quod
1101 2436 1224 2516 provida
1246 2435 1339 2498 nectit

395 2551 516 2611 Natura.
559 2547 637 2608 Hinc
658 2546 762 2609 nidum
783 2545 842 2608 sihi
864 2545 950 2626 ponit
971 2546 1002 2607 in
1026 2545 1098 2608 orbe
1121 2545 1252 2608 secundo

395 2657 521 2736 Relligio
545 2657 697 2731 simulata,
719 2657 847 2737 loquens
869 2655 999 2728 mellita,
1023 2673 1196 2736 nocensque

395 2768 465 2829 Arte
487 2785 589 2845 maga,
611 2775 675 2829 tum
697 2767 770 2828 11111
794 2783 913 2838 serens,
937 2765 1061 2828 turtisve
1082 2766 1204 2846 potitus,
1231 2805 1235 2814 ·

397 2877 456 2951 Qui
478 2895 563 2938 sacra
584 2885 733 2938 mercatur
755 2877 879 2938 Suronrs
901 2893 985 2937 more
1007 2875 1135 2956 profani,

345 2997 379 3048 60
396 2989 497 3061 Leno,
522 2987 678 3066 deceptor,
702 2985 870 3065 similisque
891 2985 939 3048 his
962 2986 1084 3048 sordida
1105 2985 1198 3046 labec.

438 3099 492 3158 dst
513 3095 593 3158 aliud
615 3096 729 3158 fraudis
751 3115 846 3175 genus
868 3095 951 3158 illum
973 3095 1089 3176 spernit
1110 3113 1252 3168 amorem,

397 3208 493 3281 Quem
514 3215 619 3268 natura
641 3213 736 3278 creat,
759 3216 822 3268 tum
844 3205 894 3285 qui
917 3225 1009 3284 super
1030 3205 1167 3278 additur,
1189 3205 1268 3267 unde

395 3318 482 3380 Priva
503 3318 578 3379 tides
600 3324 709 3378 manat.
754 3318 944 3396 Quapropter
964 3316 996 3377 in
1018 3315 1091 3378 orbe
1113 3315 1238 3386 minore,

395 3428 450 3488 Est
469 3426 522 3488 ubi
546 3425 695 3488 terrestris
718 3427 871 3506 compagis
894 3445 986 3505 seque
1008 3433 1157 3486 rotomum

346 3542 379 3595 115
398 3538 598 3618 sphaerarum
620 3543 769 3608 centrum,
793 3536 841 3598 cui
863 3535 917 3596 Dis
940 3554 1032 3615 super
1053 3535 1164 3596 insidet
1185 3535 1300 3612 ingens,

398 3647 598 3725 Consumptus
617 3645 698 3724 jacet
718 3655 888 3717 aeternum,
911 3646 1090 3726 quicumque
1112 3644 1260 3722 malignus

395 3755 509 3818 Prodit.
551 3755 615 3832 ligo
636 3773 707 3816 vero
731 3755 806 3815 diri:
830 3756 883 3816 Sat
905 3755 1000 3828 clara,
1022 3755 1173 3834 magister,

397 3865 478 3928 Haec
499 3873 550 3926 tua
570 3865 604 3925 fit
625 3863 716 3936 ratio,
741 3871 771 3925 et
791 3873 873 3926 recte
895 3864 1079 3944 distinguere
1096 3865 1165 3926 >visa
1187 3872 1234 3925 est

397 3974 462 4034 Hoc
481 3974 654 4034 barathrum
677 3982 706 4034 et
726 3973 884 4053 populum,
909 3974 960 4054 qui
981 3975 1132 4055 possidet3
1155 3981 1185 4036 at
1206 3972 1280 4035 mihi
1302 3973 1383 4046 solve

348 4084 483 4147 rit-Hunc
504 4083 631 4144 nodum:
653 4084 725 4144 lllae
747 4083 879 4157 animae,
903 4103 977 4164 quas
999 4085 1121 4165 pinguia
1144 4093 1248 4161 stagna
1270 4081 1388 4162 paludis

399 4192 559 4266 Claudnnt,
583 4213 717 4274 quasque
739 4193 967 4272 agitantventi,
991 4201 1021 4255 et
1043 4213 1116 4274 quas
1138 4193 1275 4255 verberat
1296 4191 1399 4264 imber,

400 4304 542 4382 Quaeque
564 4303 622 4365 sibi
645 4312 806 4366 occurrrmt
828 4311 887 4366 tarn
909 4305 970 4368 acri
993 4304 1155 4366 certamine
1177 4303 1304 4381 liuguae,

400 4412 458 4474 Cur
479 4431 538 4473 non
561 4411 699 4475 candenti
720 4413 821 4493 potius
843 4395 1019 4494 torquentur
1039 4414 1071 4475 in
1093 4413 1175 4486 urbe,

399 4522 433 4586 Si
452 4522 533 4626 Deus
554 4522 609 4582 has
632 4520 717 4584 odit?
739 4523 792 4584 Sin
814 4531 917 4584 contra
942 4533 1001 4597 est,
1024 4531 1084 4590 tam
1106 4543 1212 4604 aspera
1234 4538 1331 4602 poena
1466 4613 1468 4618 Ι
1510 4443 1514 4726 Ι
