3236 5394
345 563 386 628 54
794 563 985 616 rnrunnonuu
1003 565 1057 616 nv.

296 660 797 670 ...μω-*Ἡ

409 786 525 864 Perque
547 784 642 846 vicem
664 785 695 845 in
718 785 811 863 nigris
835 785 967 865 reliquos
991 783 1161 848 fornacibus
1184 786 1296 847 Aetnae

409 895 478 974 lpse
500 894 651 972 fatigaret,
675 895 721 956 ier
742 913 844 974 opem,
869 894 953 956 laber
975 893 1102 974 optimo,
1126 913 1215 976 opem
1238 896 1291 969 ser,

410 1006 560 1075 Vnumne,
585 1005 767 1078 exclamans,
791 1005 882 1066 veluti
905 1005 936 1066 in
959 1005 1120 1066 certamino
1142 1005 1296 1084 Phlegrae,

409 1114 501 1194 Inque
524 1121 613 1192 capul
634 1113 705 1174 lotis
724 1115 873 1195 jaculetur
893 1113 1007 1175 viribus
1030 1114 1124 1192 ignes,

360 1237 392 1289 51
411 1224 483 1286 Post
502 1243 616 1303 poenas
638 1225 718 1284 ullor
739 1243 811 1285 sane
834 1241 893 1286 non
916 1224 1011 1284 laetus
1033 1224 1138 1286 abiret.

452 1333 540 1395 Tales
562 1334 712 1395 flammam
735 1341 797 1394 tum
819 1332 901 1413 rupit
920 1341 1043 1413 pectore
1064 1351 1154 1396 voces

409 1444 472 1505 Dux
494 1463 593 1515 meus,
616 1452 650 1504 ul
670 1461 823 1522 nunquam
844 1443 942 1505 vorbis
966 1443 1010 1504 sio
1032 1443 1151 1505 acribus
1173 1463 1260 1506 usum

408 1553 578 1615 audierim:
602 1553 751 1628 Quoniam
773 1553 882 1614 mentis
904 1554 988 1614 luror
1010 1553 1067 1614 islo
1089 1553 1235 1634 superbae

409 1664 475 1725 Non
497 1664 642 1742 deflagrat
663 1663 773 1735 adhuc,
798 1663 866 1724 ideo
889 1662 1001 1744 majore
1025 1663 1166 1741 gravaris,

308 1759 310 1766 ¹
359 1773 434 1835 600
458 1773 607 1847 Coronen,
630 1779 737 1852 poena.
781 1773 948 1834 Poenarum
971 1773 1058 1854 copia
1080 1773 1161 1836 nulla

409 1882 519 1956 Tanta,
542 1875 622 1944 tuam
645 1891 764 1962 praeter
785 1882 916 1954 rabiem,
940 1883 1018 1944 ioret
1040 1889 1108 1962 apta
1130 1883 1264 1946 dolorem

408 1991 592 2066 Inoussisse‚
615 2000 666 2054 luo
690 1992 740 2071 qui
763 1993 814 2054 det
835 1985 983 2072 completa
1004 1971 1097 2054 iurori

407 2103 543 2164 Vulnera.
588 2102 663 2164 [lein
684 2100 801 2182 placide
824 2102 904 2162 vultu
927 2102 1050 2164 meliore
1071 2103 1221 2183 loquelam

407 2212 442 2273 ln
463 2232 511 2274 me
533 2221 708 2274 convertens
731 2211 825 2272 dixit:
848 2211 917 2273 Fuit
939 2211 989 2274 ille
1011 2212 1145 2292 tyrannis

357 2327 390 2380 65
407 2322 489 2383 Unus
512 2322 548 2382 de
571 2329 685 2402 septem
709 2321 828 2383 Thebas
851 2321 991 2384 obsidere
1014 2321 1136 2395 adonis,

407 2432 502 2511 Atque
525 2431 595 2491 odio
618 2431 667 2492 hio
688 2431 793 2492 habuit
815 2433 966 2510 Superos,
991 2439 1021 2493 et
1042 2431 1151 2494 habere
1173 2432 1298 2506 ridetur,

407 2542 444 2602 Ec
466 2559 569 2602 curare
592 2560 705 2620 parum.
749 2543 857 2602 Verum
879 2548 912 2602 ut
932 2559 980 2602 ma
1002 2541 1102 2602 dicere
1125 2542 1235 2604 dudum
1305 2569 1308 2576 ’

407 2651 567 2723 Audieram
590 2650 655 2722 isti,
679 2667 754 2730 quos
776 2669 856 2712 nuno
879 2651 959 2712 lovel
979 2652 1061 2731 ipse,
1084 2653 1201 2714 furores

409 2761 589 2822 Ornamenla
610 2761 727 2822 animae
749 2759 873 2822 nimium
896 2769 965 2822 sunt
986 2761 1085 2823 debita
1108 2762 1213 2824 alrooi.

357 2887 390 2947 70
407 2871 491 2932 Nunc
513 2888 654 2950 sequere,
676 2879 765 2950 alque
787 2889 858 2932 cave
881 2870 976 2932 arenti
997 2872 1121 2950 vestigia
1146 2891 1254 2934 arenae

405 2982 537 3058 11111311,
561 2981 614 3042 sed
637 2979 749 3058 stringe
770 2997 886 3042 nemus.
908 3013 951 3026 --
972 2981 1150 3044 llevenimus
1173 2981 1253 3054 illuc,

382 3091 517 3153 'Parvus
539 3089 590 3152 ubi
613 3089 686 3151 silva
709 3091 870 3151 decurrens
891 3090 1001 3152 labitur
1023 3091 1129 3164 amnis,

333 3282 336 3290 .
407 3201 498 3280 Cujus
520 3201 617 3262 adbuc
638 3201 741 3262 horret
762 3217 827 3261 mea
850 3220 935 3262 mens
957 3201 1130 3262 meminisse
1152 3202 1301 3264 ruborem.

407 3310 511 3385 Qualis
534 3311 571 3371 de
593 3311 729 3371 scatebra
751 3309 864 3372 Vilerbi
888 3310 1000 3371 rivulus
1023 3311 1092 3384 exit,

357 3432 389 3484 75
407 3421 502 3494 Quem
524 3420 583 3482 sibi
606 3427 705 3480 sooria
727 3420 826 3481 solenl
846 3420 971 3500 partiri3
994 3421 1063 3482 talis
1085 3437 1175 3482 arena

404 3531 468 3592 Hac
489 3531 568 3593 unda
591 3547 746 3608 emergens
769 3529 840 3590 ibat.
884 3528 975 3591 Sinus
997 3530 1079 3592 illius
1102 3529 1190 3604 imus,
1290 3552 1296 3566 ’

387 3641 481 3701 ¹'lum
504 3639 638 3718 geminae
660 3639 758 3718 ripae,
781 3647 844 3704 lum
866 3639 1009 3718 marginis
1030 3647 1157 3720 utraque
1179 3641 1261 3703 labra

405 3751 545 3811 Naturam
568 3750 727 3811 induerant
747 3748 873 3828 lapidis3
897 3769 988 3828 quare
1011 3767 1078 3812 esse
1100 3753 1200 3830 putavi

406 3859 468 3921 Hac
490 3860 556 3921 iter.
601 3861 643 3920 Ex
665 3859 800 3931 cunctis,
824 3875 900 3940 quae
922 3861 1040 3922 ostendi
1062 3861 1206 3940 plurima,
1228 3853 1385 3942 postquam

356 3973 389 4026 80
405 3971 467 4030 Nos
489 3985 592 4031 sumus
615 3969 743 4048 ingressi
765 3961 898 4048 pomam,
922 3987 997 4049 quae
1019 3970 1123 4031 limina
1145 3970 1218 4032 nulli

407 4077 550 4152 obserat,
575 4079 653 4141 hand
674 4080 735 4142 ulla
758 4087 804 4141 111
823 4097 955 4159 umqum
976 4079 1023 4141 sio
1043 4079 1133 4159 digna
1155 4081 1255 4148 notari

405 4189 463 4254 Res
486 4188 581 4250 oeulis
604 4190 739 4269 inspecta
761 4189 841 4259 luis,
864 4198 897 4250 111
919 4188 1032 4252 rivulus
1051 4190 1118 4262 iste,

405 4299 464 4370 Qui
490 4317 581 4378 super
602 4299 730 4378 allapsos
755 4315 957 4379 qraasmmqne
978 4275 1168 4378 exstinguede
1191 4276 1358 4394 flammas'

405 4409 459 4468 Est
483 4408 572 4488 potis.
617 4410 676 4470 1111
697 4425 783 4470 meus
800 4409 948 4471 'fundebat
970 4409 1006 4472 eb
1030 4429 1082 4472 ore
1104 4410 1260 4488 magister.

354 4533 387 4585 85
450 4518 525 4578 Turn
549 4537 641 4597 prece
663 4519 800 4597 persuasi
822 4519 925 4597 largiri
946 4520 1070 4600 pabula,
1093 4537 1224 4584 amorem
