3362 5414
270 467 305 510 n
805 447 979 506 ratumne.
1096 509 1101 520 ,

269 631 356 708 libus
390 633 586 729 scripsisse,
621 657 734 707 rerum
766 634 934 707 nobismet
965 633 1063 708 otiam
1095 635 1256 740 posteris,
1290 657 1373 735 quos
1398 648 1506 714 tautae

270 775 382 823 rerum
415 762 482 823 tam
509 752 653 824 civilium
679 775 776 849 quam
803 775 971 826 sacrarum
996 752 1111 825 turbae
1144 753 1373 853 procellaeque
1398 759 1506 854 exagi-

270 879 359 962 tant,
389 893 508 942 ¹versus
542 895 621 942 suos
656 869 810 943 divinitus
845 871 1089 967 composuisse,
1129 871 1264 948 uberius
1303 872 1506 948 demonstre-

269 1010 364 1080 mus,
391 986 451 1063 riui
474 986 544 1085 jam
571 986 743 1062 claudendi
769 997 856 1062 sunt.
908 987 996 1081 Nae,
1028 1013 1186 1088 perquam
1210 987 1352 1072 libenter
1375 993 1506 1089 lougius

269 1105 553 1204 progrederemur
580 1116 616 1206 et
646 1106 682 1178 in
715 1106 816 1182 alium
849 1116 945 1204 aupue
979 1116 1075 1181 anteo
1107 1097 1274 1205 campum
1291 1109 1506 1184 ascendere·

270 1245 356 1316 mus,
383 1223 441 1298 ubi
467 1245 624 1319 praesens
650 1223 811 1320 quaedam
844 1225 885 1297 ad
917 1225 1017 1298 vitam
1043 1249 1252 1300 communem
1276 1227 1412 1306 llirinae
1445 1228 1506 1302 Co-

269 1339 418 1415 moediae
444 1341 567 1414 utilitas
594 1325 771 1438 conspicua
796 1352 859 1437 est,
881 1352 1056 1441 statusque
1082 1345 1248 1418 societatis
1273 1345 1436 1419 humanae
1462 1349 1505 1420 ci·

269 1460 364 1553 vilis,
391 1460 447 1558 qui
472 1459 614 1553 dicitur,
641 1459 813 1559 multiplici
838 1461 937 1558 modo
963 1461 1009 1535 ita
1036 1463 1217 1536 illustratur
1242 1473 1275 1535 et
1300 1465 1507 1560 expenditur,

269 1589 307 1654 ut
330 1577 568 1676 propemodum
602 1579 707 1652 nostri
740 1578 844 1675 ipsius
875 1580 1033 1678 temporis
1074 1581 1281 1656 conditiones
1316 1577 1507 1679 repraesen-

268 1707 354 1769 tatae
385 1697 567 1772 videantur.
625 1695 850 1795 Quapropter,
884 1699 972 1795 quod
997 1698 1209 1774 vehementer
1234 1699 1331 1774 nobis
1357 1703 1507 1800 erupimus

266 1815 388 1908 licere,
428 1815 463 1888 id
499 1814 607 1888 solum
649 1815 754 1912 instar
793 1816 932 1913 exempli
973 1817 1154 1910 addamus,
1200 1817 1346 1895 diuinum
1378 1831 1508 1917 poetam

267 1917 418 2008 nostrum
445 1932 578 2031 (Parad.
607 1933 770 2027 x111‚97
796 1934 902 2033 seq.):

419 2061 461 2114 -ἓ
482 2101 525 2116 -·
544 2101 587 2114 -
609 2085 695 2150 reges
718 2069 892 2148 designasse
913 2085 968 2149 per
989 2067 1093 2132 orbem

420 2169 493 2233 Tam
513 2169 638 2244 multos,
655 2170 749 2234 virtus
772 2181 875 2249 regum
897 2188 984 2250 quam
1006 2189 1073 2248 rara
1093 2169 1240 2256 bonorum
1259 2179 1317 2247 est,

266 2313 304 2377 ‚et
329 2302 440 2378 dolere
465 2303 659 2398 bominum,
693 2304 888 2406 praesertim
921 2304 1077 2380 ditiorum
1103 2315 1136 2378 et
1160 2306 1402 2402 potentiorum,
1437 2331 1508 2380 ava·

268 2422 378 2496 ritiam
405 2432 439 2494 et
462 2421 592 2518 plebem
618 2433 753 2495 munem
773 2445 1018 2522 pauperebupue
1043 2424 1084 2497 ad
1105 2423 1223 2497 incitas
1244 2415 1416 2520 redigendi
1441 2436 1509 2500 stu·
1557 2430 1560 2440 ‘

271 2541 364 2617 dium
390 2541 507 2637 (Purg.
533 2540 616 2635 Xlll,
645 2542 695 2616 80
720 2541 852 2638 seqq.):

419 2708 463 2720 -
482 2707 526 2720 --
548 2675 573 2742 ,0
596 2673 717 2737 soboles
737 2676 876 2749 humana,
899 2674 970 2754 quid
993 2693 1097 2740 omnes

420 2776 555 2838 lntendis
578 2795 673 2850 curas,
697 2776 825 2849 inhians,
847 2795 926 2856 ¹quae
944 2775 1011 2857 jura
1033 2776 1151 2840 vetandi

422 2878 563 2952 Possunt,
585 2886 616 2940 et
637 2877 770 2958 quemvis
793 2886 962 2940 consortem
984 2894 1001 2940 a
1022 2878 1132 2941 finibus
1154 2877 1270 2941 arcent!

231 3115 233 3118 ¹
272 3039 306 3104 et
338 3053 488 3103 moerere
520 3029 687 3102 miseriam
712 3054 895 3127 pauperum
927 3038 961 3102 et
993 3038 1193 3125 egenorum,
1235 3030 1290 3128 qui
1320 3029 1390 3127 jam
1424 3033 1508 3104 olan·

272 3148 400 3222 destino
423 3147 564 3246 quodam
579 3147 663 3222 bello
686 3149 804 3220 confici
825 3147 998 3220 videantur
1016 3147 1507 3249 (Pano.xvlu,115seqq.):

391 3317 394 3324 .
422 3283 487 3346 Mos
509 3283 606 3346 luerat
627 3284 777 3363 quondam
799 3283 906 3362 gladiis
926 3282 1038 3360 bellare
1060 3283 1218 3364 ementis,-

424 3384 555 3446 Nostri
577 3384 656 3446 bella
678 3392 785 3463 gerunt
805 3384 949 3465 rapiendo
972 3384 1043 3445 binc
1064 3383 1254 3446 indedolosi

424 3485 546 3558 Panem,
569 3505 657 3564 quem
679 3485 753 3552 nulli
772 3485 867 3565 patris
888 3485 938 3566 pia
961 3486 1080 3547 dextera
1103 3485 1222 3546 claudit.

374 3635 417 3708 Ut
441 3635 582 3732 denique
607 3635 794 3730 redeamuS,
820 3636 908 3710 uude
935 3636 1076 3731 digressi
1103 3661 1230 3728 sumus,
1246 3645 1355 3734 atque,
1375 3636 1416 3709 de
1436 3661 1510 3734 pro·

273 3753 360 3827 lanis
386 3754 428 3826 ad
453 3777 547 3826 sacra
572 3755 709 3848 reversi,
736 3755 772 3826 io
797 3765 942 3828 extrema
967 3765 1058 3850 parte
1085 3765 1118 3828 et
1144 3755 1355 3828 conclusione
1383 3755 1511 3828 consilii

274 3873 379 3945 nostri
405 3897 473 3944 uon
497 3872 703 3969 proferamus
727 3874 795 3974 ¹nisi
822 3873 1016 3968 dignissima
1044 3873 1151 3944 ditiore
1178 3884 1328 3968 poemate
1355 3898 1392 3945 ac
1419 3873 1511 3970 quasi

276 4015 431 4064 coronam
456 3990 517 4082 iis,
551 4015 634 4086 quae
661 3993 902 4089 excerpsimus,
930 3992 1156 4088 imponamus,
1183 3992 1297 4063 audire
1323 3991 1423 4065 libeat
1454 3990 1512 4063 ali·

276 4133 373 4206 quam
406 4107 544 4203 symboli
585 4091 758 4208 cujusdam¹
793 4109 963 4210 apostolici
1003 4109 1194 4208 particulam
1236 4109 1366 4208 (Parad.
1400 4108 1512 4202 XXIV,

277 4229 350 4303 118
376 4229 502 4325 seqq.):
1036 4245 1039 4249 ’

429 4411 473 4422 -
494 4409 535 4422 -
558 4412 596 4423 —
619 4377 846 4443 Mibioreditur
866 4379 988 4454 unicus,
1011 4399 1087 4444 unus
1194 4418 1199 4426 ·

430 4477 636 4560 beternusque
658 4479 748 4555 lleus,
772 4479 822 4562 qui
845 4488 939 4542 totum
959 4480 1038 4544 baud
1060 4488 1159 4543 motus
1183 4479 1339 4560 Olympum
