3234 5396
627 528 759 578 rantutst
779 527 819 576 lll.
1251 525 1268 542 ¹¹

724 811 783 896 ΙΙΙ.

225 967 282 1040 Qui
305 966 379 1034 milri
401 965 446 1028 sol
469 973 574 1045 peetus
596 964 680 1046 prius
702 964 896 1028 inflammavit
917 983 1028 1036 aurore,

222 1078 404 1140 Monstrarat
424 1075 550 1156 pulchri,
574 1075 694 1154 dempto
715 1074 870 1146 velamine,
895 1074 964 1144 veri,

223 1189 299 1249 Dum
321 1206 374 1250 sue
398 1187 562 1258 confirmet,
586 1194 689 1248 nostra
710 1192 884 1261 argumenta
907 1185 1025 1252 refutat,

224 1298 405 1377 Adspeetum
428 1295 555 1360 dulcem.
596 1295 731 1373 lamque,
754 1302 786 1354 ut
807 1303 937 1356 mentem
959 1293 1025 1372 ipso
1048 1294 1159 1354 lateret·

191 1408 382 1484 5Purgatam
404 1414 435 1468 ot
455 1413 576 1472 certam.
600 1403 769 1474 extuleram.
793 1413 825 1466 ul
847 1403 941 1480 magis
963 1403 1073 1464 arduus
1095 1421 1148 1466 ore

223 1518 324 1588 Feror,
348 1515 446 1595 quoad
468 1513 576 1586 decuit,
599 1522 697 1592 eaput.
740 1515 794 1576 Ast
815 1513 931 1594 obieeta
954 1519 1077 1591 repente

224 1627 279 1692 Est
299 1623 396 1688 oeulis
418 1625 474 1686 visi
495 1623 623 1704 speeies.
648 1643 724 1703 (uuae
746 1623 880 1705 inspecta
902 1623 1031 1686 revinxit

224 1737 270 1799 lle
292 1744 387 1798 toturn
409 1753 504 1813 usque
526 1733 611 1806 adeo,
636 1743 667 1796 ut
687 1742 875 1812 praesentem
898 1741 994 1794 errata
1017 1732 1102 1798 lateri

223 1846 339 1909 Fixerit
360 1845 573 1908 immemorem.
618 1844 680 1906 Ceu
701 1863 756 1923 per
777 1842 936 1923 pellucida,
959 1850 1038 1904 tersa

179 1957 209 2008 1⁰
226 1956 323 2018 Vitrea
346 1973 425 2026 vasa,
449 1967 500 2020 aut
520 1972 585 2034 per,
607 1953 689 2016 nullo
712 1953 859 2023 turbante,
883 1952 1012 2014 nitentes

226 2066 375 2145 Lynrplras
397 2065 476 2128 lraud
498 2066 573 2126 altus
596 2063 650 2132 sio,
674 2071 706 2126 ut
726 2062 810 2124 lundi
833 2062 892 2126 imo
915 2063 1094 2140 nigrescant,

226 2175 340 2236 Tenuia
363 2183 422 2236 tam
443 2174 570 2236 redeunt
591 2182 712 2236 nostrae
734 2171 881 2234 exteriora
902 2173 1023 2247 figurae,

227 2286 322 2358 Quam
344 2283 453 2350 baccae
476 2285 597 2360 candor,
620 2284 705 2346 niveo
727 2283 778 2362 qui
801 2283 832 2345 ln
853 2283 952 2344 fronto
974 2281 1105 2354 loentum

226 2395 277 2457 Sic
298 2395 371 2456 mihi
395 2414 428 2456 se
450 2395 619 2457 obtulerant
641 2394 697 2455 lari
718 2393 803 2472 plura
826 2411 877 2457 ora
901 2399 1020 2470 perato3

179 2516 209 2569 15
228 2506 327 2579 Quare
349 2524 397 2566 me
419 2504 513 2570 errori
537 2504 617 2584 oepit
638 2502 805 2568 contrarius
826 2521 918 2572 error,

227 2617 294 2688 Quo
316 2615 362 2678 vir
382 2633 483 2678 amore
505 2615 580 2677 arsit
601 2624 706 2694 eaptus
729 2613 880 2691 fontisque
902 2611 1020 2690 suique.

229 2725 317 2799 Quod
339 2724 465 2792 simulas
486 2725 583 2796 sensi,
607 2735 688 2788 ratus
710 2724 785 2786 haee
806 2722 964 2786 simulacre
987 2722 1106 2801 repulsa

226 2837 251 2896 Α
272 2833 414 2914 sperulis,
436 2841 470 2894 ut
492 2835 558 2913 enja
581 2842 683 2896 essent
704 2851 886 2910 cognoscere
909 2851 1039 2912 possem,

227 2943 387 3008 Conversis
408 2945 526 3023 respexi
550 2943 661 3018 oeulis3
683 2945 735 3006 sed
759 2944 838 3006 nulla
860 2942 961 3006 ridere

179 3069 212 3119 rt
228 3055 367 3134 Contigit,
390 3055 498 3134 hisque
520 3053 595 3118 actis
617 3073 689 3132 proe
711 3073 767 3123 rne,
790 3052 876 3113 duris
898 3071 949 3113 ora
972 3050 1061 3131 petivi

226 3165 337 3237 Dulcis,
361 3165 398 3225 ab
420 3163 468 3224 his
490 3164 635 3243 pendens,
658 3181 733 3240 quae
755 3161 901 3224 ardebunt
922 3160 1033 3222 lumine
1055 3170 1169 3222 sancto.

226 3276 263 3335 At
284 3274 358 3339 mihi
381 3273 556 3338 subridens:
580 3272 647 3334 Noli
669 3271 852 3342 admirarior,
876 3269 982 3348 inquit.

228 3385 395 3458 Ridentem,
419 3393 577 3463 postquam
600 3381 665 3461 ipso
688 3389 769 3442 tuum
793 3379 906 3458 puerile
930 3378 1028 3442 nutari

225 3493 387 3566 iudicium,
411 3493 551 3572 quoniam
574 3502 623 3554 tua
646 3491 745 3572 planta
768 3488 908 3552 insistere
929 3507 1000 3550 vero

179 3611 211 3664 to
227 3605 294 3666 Non
318 3603 421 3676 eredit,
444 3603 498 3666 sed
520 3621 603 3664 more
625 3620 680 3662 suo
702 3608 731 3662 le
754 3599 837 3662 duoit
858 3598 939 3662 inani

228 3717 352 3777 Conatu.
398 3713 479 3786 Quas
501 3722 531 3774 tu
555 3712 652 3774 eernis
675 3709 730 3772 sub
753 3709 891 3788 imagine,
914 3729 1000 3772 verae

228 3827 305 3888 Sunt
326 3823 452 3895 animae,
474 3824 533 3884 hue
554 3822 674 3894 missae,
698 3821 776 3900 quia,
800 3839 875 3899 quaa
898 3837 1012 3890 vovere,
1037 3819 1165 3880 latentur

229 3937 267 3996 Se
290 3934 366 3995 votis
389 3932 537 3998 mansisse
559 3932 668 3996 miuus.
713 3933 812 4004 Quare
834 3931 985 4009 alloquere
1008 3928 1084 3998 illas,

228 4044 314 4117 Audi,
337 4053 425 4122 atque
448 4043 524 4104 adde
545 4042 635 4104 fidem
657 4043 756 4104 dialis.
798 4042 872 4103 Nam
895 4039 990 4102 rivilla
1013 4037 1075 4100 reri

181 4159 212 4211 ³⁰
228 4154 300 4227 Lux,
325 4153 398 4214 satis
421 4153 469 4214 lrls
493 4151 615 4226 iaciens,
639 4171 711 4214 else
733 4152 787 4214 has
810 4151 968 4214 delleetere
992 4166 1112 4228 passum

228 4264 325 4326 Ullum
347 4282 409 4324 non
430 4262 551 4342 patitur.
573 4295 615 4308 —·-
638 4263 713 4326 Tum
736 4280 835 4332 unam,
859 4279 933 4339 quae
957 4259 1017 4322 risa
1041 4257 1181 4338 loquendi

227 4375 299 4436 Plus
322 4373 432 4454 cupida
454 4383 509 4446 est,
533 4371 666 4434 umbram
689 4373 745 4432 luit
767 4371 872 4448 ingens
895 4370 983 4432 ardor
1006 4367 1104 4441 adire3

115 4438 117 4458 ¹
228 4483 384 4566 Eumeni,
408 4482 494 4564 quasi
516 4501 604 4562 quem
627 4480 757 4545 studium
780 4481 871 4544 nimis
893 4499 962 4544 aero
983 4476 1087 4556 fatigat
