3236 5394
569 563 764 614 lNFEllNOlillld
782 565 863 615 lllllll.

215 782 347 844 Tandem
369 781 419 842 ubi
442 789 616 861 perventum
638 789 699 855 est,
722 783 806 844 valde
828 800 875 844 me
896 783 1008 846 lumine
1030 793 1114 847 terro

166 900 199 953 80
215 893 403 971 Conspexere
425 891 512 952 ambo
534 892 624 964 muti,
646 892 715 954 dein
737 900 852 954 vertere
873 893 971 955 vultus

214 1002 248 1063 ln
270 1019 317 1074 se,
342 1010 373 1062 et
393 999 439 1062 sio
459 1001 516 1062 lari
538 1019 655 1062 seeum:
677 1002 734 1063 llie
756 1003 871 1082 spirare
891 1002 1015 1077 ridetur,

216 1111 321 1172 Guttur
342 1110 393 1171 ubi
416 1109 541 1190 aspicio.
584 1111 622 1172 dt
642 1111 669 1172 si
690 1131 772 1174 mors
795 1112 962 1193 absumpsit
982 1121 1149 1195 utrumque,

216 1220 298 1293 Quae
321 1219 369 1280 lex
389 1219 472 1300 priva
496 1220 582 1282 stolis
605 1221 742 1299 gravibus
765 1223 848 1284 dedit
867 1223 912 1285 ire
934 1221 1076 1286 solutos?

214 1329 327 1391 Deinde
349 1328 440 1391 mihi:
465 1329 505 1403 0,
529 1329 597 1409 qui,
620 1330 753 1405 Tbusee,
776 1339 863 1411 potes
886 1332 1010 1410 collegia
1033 1332 1109 1395 inire

167 1449 198 1502 85
214 1438 337 1513 intima,
360 1439 412 1499 ubi
434 1438 509 1500 tales
532 1441 582 1502 dat
602 1440 698 1502 tristis
719 1440 873 1520 hypocrita
893 1461 1015 1521 peenas,

216 1549 274 1622 Qui
296 1549 355 1622 sis,
379 1549 464 1610 ellari
486 1567 524 1610 ne
546 1549 707 1628 dedignare
728 1559 859 1628 rogatus.

256 1658 310 1720 llis
333 1675 403 1736 ego:
425 1659 553 1721 Jueundi
574 1678 669 1739 prope
690 1659 787 1740 ripam
808 1659 940 1722 fluminis
960 1661 1033 1722 Arni

213 1769 317 1846 Magne
338 1768 410 1829 urbs
432 1787 480 1830 me
501 1769 576 1830 vidit
595 1777 772 1849 prognatum
794 1787 930 1832 erescere
951 1769 982 1832 in
1004 1789 1099 1832 annos
1200 1779 1202 1786 ’

214 1878 334 1950 Plures,
358 1895 492 1957 quosque
513 1879 603 1941 babui
626 1897 759 1960 semper,
783 1897 853 1958 gem
876 1879 1012 1959 eorporis
1034 1888 1126 1942 artus.

167 1992 198 2044 00
215 1987 274 2050 Sed
296 2005 350 2048 vos
372 1987 423 2066 qui
446 1987 580 2060 taudem,
604 1987 689 2069 queis
712 1995 793 2050 tauto
815 1989 927 2050 lumina
948 1990 1021 2051 lietu

214 2096 385 2169 distillant,
409 2105 549 2175 quantum
573 2115 608 2159 ex
629 2105 728 2160 vestro
750 2105 833 2179 patet
854 2117 906 2160 ore
928 2096 1064 2161 doloris?

216 2208 298 2280 Quae
320 2226 374 2268 vos
395 2225 492 2287 poena
515 2207 625 2287 premit
645 2207 690 2268 sio
712 2204 850 2285 lulgens?
872 2239 914 2252 —-
936 2207 995 2269 Ora
1017 2209 1170 2272 resolvens

214 2317 257 2378 Ex
278 2317 347 2378 istis
369 2336 459 2391 unus,
481 2315 651 2396 respondit:
674 2315 817 2395 Tegmina
838 2318 931 2380 darae
975 2379 977 2384 .

213 2426 311 2488 Vestis
334 2426 375 2487 ita
397 2426 493 2488 solido
515 2434 597 2487 stant
616 2427 754 2506 plumbo,
776 2435 809 2488 ut
829 2429 962 2506 pondera
983 2429 1084 2490 lanees

167 2547 197 2600 05
214 2537 265 2599 Sio
288 2536 415 2598 stridere
437 2555 507 2597 suas
530 2545 646 2613 cogant.
688 2537 750 2598 Nos
771 2511 890 2598 Felsina
913 2537 945 2598 in
967 2557 1053 2599 auras

213 2647 329 2720 Edidit,
353 2665 388 2708 ae
410 2645 519 2708 luimus
542 2646 727 2708 Gaudentem
749 2646 787 2709 de
809 2663 896 2725 grege
918 2648 1047 2720 Fratres,

213 2758 274 2819 lste
296 2757 478 2830 Lonnnruor,
501 2756 647 2818 Ceruium
670 2774 725 2835 ego
747 2757 868 2818 nomine
890 2767 988 2830 notus,

215 2867 298 2940 Quos
320 2877 369 2928 tua
394 2877 471 2928 terra
493 2867 569 2928 duos
590 2866 748 2946 praeleeit,
771 2874 804 2928 ut
824 2873 893 2928 ante
916 2867 1034 2930 solebat

213 2978 325 3050 Unum,
349 2977 395 3038 sie
416 2993 523 3055 paoem
543 2993 669 3056 sperans
691 2993 723 3038 se
745 2994 836 3056 posse
858 2975 945 3038 tueri.

152 3100 197 3152 100
213 3087 250 3148 lt
271 3085 382 3148 luimus
404 3086 494 3159 taleS,
516 3095 550 3147 ut
571 3086 668 3147 adhue
690 3085 813 3164 vestigia
835 3085 930 3147 nostri

212 3197 366 3259 Praelerat
387 3195 505 3275 imperii
528 3194 704 3274 Gardingus.
747 3195 809 3273 Ego
833 3196 922 3258 edere
944 3213 1047 3258 vooem

97 3381 99 3403 Ι
212 3306 296 3368 Hane
318 3305 420 3384 eoepit
444 3305 468 3366 Ο
490 3305 626 3379 Fratres,
647 3304 724 3366 mala
746 3313 843 3366 vestra
916 3305 1001 3366 llaud
1022 3304 1108 3385 plura
1130 3305 1263 3380 loeutus3

211 3416 345 3495 Namque
367 3415 440 3476 mibi
463 3423 531 3477 ante
551 3415 629 3478 viam
650 3414 784 3476 tendenti
805 3414 916 3476 lumina
940 3415 1068 3495 quidam,

215 3525 309 3597 Quem
331 3532 428 3586 terrae
450 3525 547 3586 lusum
569 3524 704 3605 palorum
728 3525 804 3586 trina
826 3523 949 3587 tenebat

150 3641 195 3695 1⁰5
213 3635 263 3694 Vis
286 3634 368 3696 eruci
390 3633 609 3708 inhaerentem,
633 3633 689 3695 lauit
707 3633 822 3695 obrius.
866 3635 1002 3715 Undique
1025 3642 1128 3708 totum,

212 3745 260 3806 Me
281 3744 361 3816 viso,
385 3763 418 3805 se
441 3743 577 3806 distorsit
597 3743 779 3824 barbamque
802 3744 927 3805 senilem

214 3853 374 3926 Sulllabat,
398 3854 524 3932 graviter
546 3853 675 3934 suspiria
698 3863 819 3933 pectore
842 3855 964 3916 ducens.

256 3963 344 4036 Quod
366 3983 433 4024 eum
456 3963 601 4025 sensisset
623 3964 807 4037 Crastinus,
831 3964 900 4026 talia
924 3963 1012 4024 lando

93 4050 97 4212 ἱ
214 4074 447 4135 Commemorat:
472 4074 567 4146 Quem
589 4083 622 4134 tu
644 4073 791 4134 confixum
813 4073 965 4153 conspicis
987 4073 1087 4146 isthic,

94 4230 96 4249 .
149 4195 196 4246 110
213 4183 281 4262 lpse
303 4183 483 4244 Puuarsims
506 4183 660 4245 oonsultus
682 4182 813 4245 reddidit
833 4184 914 4244 istud

93 4254 96 4383 ἶ
212 4293 356 4354 Verbum:
380 4293 438 4353 Pro
461 4293 573 4372 populo
595 4293 667 4356 dare
689 4311 803 4372 poenas
826 4292 945 4372 expedit
965 4311 1071 4354 unum:

92 4390 95 4489 l
212 4403 329 4483 Perque
350 4401 426 4463 riam
449 4402 567 4482 positus
588 4390 773 4476 transverse,
795 4412 829 4464 ut
850 4401 963 4475 cernis,
987 4410 1017 4465 et
1038 4402 1119 4464 omni

91 4511 746 4722 ww
767 4513 900 4593 pondera
919 4514 1023 4594 jussus
1059 4559 1062 4568 .
