3214 5400
562 513 743 577 ruuclroutt
761 513 818 564 xlx.

128 745 176 797 loo
193 732 275 795 Unus
297 733 354 795 iter
373 731 487 795 mensis
509 731 686 806 confecerat,
708 740 738 794 et
758 751 834 794 nova
856 731 925 793 luna

124 887 126 900 .
191 842 247 904 Vix
266 844 344 905 bene
365 841 526 922 prodierat,
550 858 617 902 cum
638 842 731 916 sensi,
755 861 840 922 mam
864 849 964 919 gravet
984 840 1068 904 illum

192 951 365 1015 Pontificale
387 951 488 1024 decus,
511 951 563 1030 qui
584 950 646 1012 limi
668 951 797 1012 immune
818 950 896 1012 tueri

193 1062 258 1123 Hoc
280 1061 387 1134 studet,
410 1068 441 1121 et
461 1078 533 1140 prae
555 1059 613 1122 isto
637 1061 823 1141 quantumvis
844 1060 963 1140 pondus
985 1060 1155 1125 habendum

192 1170 251 1232 Pro
272 1170 383 1250 pluma.
426 1170 529 1243 Doleo,
552 1189 600 1232 me
622 1170 807 1249 poenituisse
828 1188 963 1232 meorum

129 1280 308 1354 illusoriae,
330 1277 402 1340 heu!
425 1297 552 1341 monam.
595 1281 632 1340 nt
654 1279 777 1342 simrdac
798 1278 872 1340 milri
895 1279 1019 1360 contigit
1041 1263 1084 1342 uti

192 1391 315 1451 Munere
336 1389 462 1450 Romani
482 1387 625 1462 Pastoris,
649 1389 745 1469 coepit
768 1389 866 1450 inanis

194 1499 258 1560 Vita
279 1506 382 1579 patere
402 1497 492 1560 mihi:
516 1498 608 1560 didici
630 1517 690 1559 non
711 1517 803 1579 posse
826 1499 926 1578 quiete

193 1607 259 1670 lllic
280 1608 372 1669 corda
391 1608 459 1682 lrui,
482 1625 542 1668 nou
564 1607 642 1669 ultra
663 1608 787 1670 undere
809 1626 929 1670 cursum

193 1717 269 1778 Esse
292 1716 392 1778 datum
414 1725 527 1780 vestrae
550 1716 700 1778 conclusis
721 1717 814 1780 limite
836 1717 929 1792 ritae3

130 1840 177 1892 1111
196 1826 294 1900 Quare
317 1824 405 1906 hujus
427 1845 474 1891 me
497 1825 577 1907 cepit
598 1845 690 1888 amor.
733 1827 790 1890 llic
811 1827 955 1890 terminus
976 1825 1081 1900 haesit,

194 1936 260 1997 Huc
280 1953 376 2015 usque
397 1935 498 1997 infelix
520 1936 639 2015 superis
660 1943 774 1999 semota
794 1937 916 2016 Deoque

193 2047 276 2108 llaec
297 2045 394 2107 anima
415 2045 524 2107 erravit
543 2045 662 2121 misere,
682 2063 783 2107 rerum
805 2045 936 2106 omnium
958 2065 1059 2121 avara3

194 2155 289 2228 Nunc,
310 2163 345 2217 ut
366 2155 482 2234 etipse
503 2155 595 2228 vides,
617 2155 667 2216 hic
689 2172 781 2234 cogor
800 2155 933 2235 pendere
954 2173 1090 2235 poenam.

194 2265 250 2326 llic
272 2265 343 2345 quid
365 2264 503 2328 avarities
525 2264 623 2338 iaciat,
645 2283 743 2345 poena
763 2265 876 2327 iudicat
895 2263 962 2326 illas

132 2388 179 2442 111
194 2375 369 2454 Expurgans
391 2374 514 2449 animas,
538 2393 611 2454 quas
633 2373 819 2454 poenituisse
840 2373 968 2436 dolendo

197 2484 333 2556 Constat,
356 2501 413 2546 nec
434 2490 514 2545 totus
536 2491 718 2544 tormentum
739 2483 870 2546 atrocius
892 2484 951 2545 isto

196 2594 281 2655 llons
303 2593 408 2672 hahet3
430 2601 460 2654 et
481 2593 559 2654 siout
581 2611 640 2655 uon
663 2612 731 2656 sese
753 2595 861 2656 arrexit
881 2594 912 2655 iu
934 2593 1025 2656 altum

195 2703 304 2765 Nostra
326 2703 415 2777 acics,
438 2701 533 2765 delixa
554 2702 629 2776 solo,
653 2703 697 2766 sic
718 2702 849 2766 numinis
871 2704 916 2766 ira

195 2814 280 2875 lusto
300 2812 378 2874 hanc
398 2813 430 2874 iu
451 2820 530 2875 terra
550 2813 664 2874 mersit.
708 2813 774 2886 Quo
797 2831 880 2875 more
900 2813 1050 2874 bonorum

134 2936 181 2989 111)
196 2923 268 2986 Auri
291 2923 353 2984 dira
375 2923 470 2984 iames
492 2930 666 2984 cunctorum
688 2922 827 2985 exstinxit
848 2941 988 2996 amorem,

197 3033 281 3095 Unde
302 3031 388 3093 labor
409 3033 494 3094 susus
516 3033 626 3094 frustra
646 3032 735 3113 perit,
756 3032 815 3093 hoc
836 3040 918 3094 tenet
940 3050 1053 3111 aequus

195 3143 292 3206 Judex
314 3142 444 3224 captivos
466 3142 642 3223 plantasque
664 3161 830 3221 manusque
851 3141 1000 3204 revinctos

196 3253 259 3315 Nos
279 3252 345 3328 hic;
367 3269 514 3332 quamque
536 3252 586 3314 diu
608 3252 667 3314 lert
686 3267 787 3328 regem
806 3250 885 3330 justa
906 3250 1009 3323 libido,

198 3361 272 3424 'lom
293 3381 348 3424 uos
371 3360 486 3423 immoti
507 3381 541 3424 ao
561 3361 697 3442 protensi
719 3367 798 3422 sture
816 3360 967 3442 jubemur.

135 3484 181 3538 125
239 3471 357 3552 Poplite
380 3472 569 3534 constiteram
591 3473 668 3534 flexo
691 3471 805 3550 farique
826 3477 963 3550 paratus3

197 3581 235 3644 At
257 3580 380 3644 suuulac
402 3581 497 3662 coepi,
520 3590 607 3661 atque
629 3582 656 3643 is
671 3588 791 3643 tantum
813 3586 948 3642 senserat
969 3597 1038 3641 aure

198 3691 292 3754 lma
313 3691 372 3752 hoc
394 3690 586 3771 obsequium:
610 3691 702 3765 Quae,
726 3690 831 3770 inquit,
854 3697 884 3752 te
905 3707 1009 3751 caussa
1031 3687 1161 3750 volutum

197 3801 298 3863 atum
318 3799 436 3864 terrae?
457 3833 499 3847 -
520 3801 660 3882 Majestas
682 3809 780 3863 vestra
801 3799 968 3880 gradusque

199 3910 364 3990 Supremus
384 3918 524 3985 mentem,
547 3929 622 3990 quae
643 3910 717 3974 recti
739 3918 786 3972 est
806 3909 935 3982 conscia,
958 3926 1061 3969 morsu

133 4028 182 4083 1311
198 4018 389 4098 impulerant,
412 4019 483 4081 dixi.
507 4053 546 4065 -
569 4020 662 4083 Curre
683 4021 773 4099 erige,
797 4020 919 4099 surgito,
942 4016 1048 4080 irater!

197 4129 374 4209 Respondit.
418 4129 564 4203 Neaera,
587 4127 688 4192 tecum
710 4148 872 4192 conservus
895 4129 1011 4208 etipse

196 4239 271 4300 Sum
289 4238 455 4319 mistusque
477 4239 554 4314 aliis,
579 4239 688 4320 quibus
710 4241 914 4320 imperaturo
935 4245 1076 4318 potestas,
1157 4273 1160 4278 -

196 4347 339 4411 Matthaei
362 4348 388 4411 si
409 4369 541 4431 unquam
562 4349 708 4412 sententia
729 4350 811 4413 venit
832 4349 869 4411 ad
890 4367 976 4410 aures

199 4458 308 4521 Sancta
328 4466 414 4522 tuas:
441 4460 525 4534 Quae
546 4479 601 4522 oet
621 4461 742 4535 nudent,
765 4460 815 4534 eit,
838 4461 903 4540 ipse
924 4458 1038 4522 videbis

1096 4558 1154 4612 tt*
