3282 5404
654 510 786 560 rrnnorsr
806 512 863 562 xix.
1262 515 1323 578 343

144 596 1364 626 Ἢ

258 725 327 798 Qui,
351 745 528 806 quamquam
551 728 699 808 adspiciat
720 746 852 807 raparum
874 745 908 790 er
931 731 1064 809 margine
1085 734 1218 806 fundum,

257 835 325 896 Non
346 837 427 897 iurnc
449 837 588 910 inveniat,
611 837 734 917 pelagus
754 839 783 900 si
806 839 967 902 adscendet
989 840 1020 901 in
1042 841 1150 918 aitom3

257 945 311 1007 Est
335 953 433 1010 tanmn
456 947 516 1020 iiie,
539 947 592 1010 sed
614 948 802 1009 abscondunt
821 948 895 1009 vada
917 968 1007 1010 coeca
1029 951 1179 1031 profundi.

258 1056 322 1117 Lux
344 1056 423 1118 nulla
446 1064 502 1130 est,
526 1075 600 1136 quae
622 1075 685 1118 uon
706 1056 850 1118 effulserit
872 1076 924 1122 ore
946 1077 1062 1133 sereno,

206 1180 241 1232 oo
259 1166 345 1238 Quod
369 1165 481 1226 natium
503 1165 604 1228 turbat
625 1177 759 1246 tempus3
781 1166 922 1229 tenebrae
945 1169 1054 1242 omnia,
1077 1171 1176 1232 carnis

258 1275 365 1336 Umbra
389 1276 435 1336 vel
457 1275 547 1348 iilius,
570 1277 688 1356 dempta
711 1276 768 1338 ista
790 1277 866 1350 luce,
888 1296 1044 1340 venenum.

299 1385 354 1447 Sat
374 1386 463 1447 modo
486 1393 588 1465 aperta
610 1393 694 1464 patet
714 1385 794 1448 clare
815 1386 927 1449 latebra
950 1388 1009 1460 illa,
1031 1388 1179 1468 vigentem

258 1496 342 1568 Quae
365 1495 418 1558 tibi
436 1495 584 1576 justitiam
607 1495 756 1574 quondam
780 1495 877 1558 celare
899 1497 1023 1570 solebat,

256 1605 293 1667 Et
314 1605 368 1667 tibi
390 1605 509 1666 miranti
531 1604 627 1666 suasit
647 1613 714 1682 tam
731 1605 834 1667 crebra
857 1623 979 1684 rogare;
1040 1589 1042 1598 '

206 1730 239 1784 65
257 1714 328 1776 Cum
351 1723 383 1776 tu
405 1713 543 1777 dicebas:
567 1713 695 1787 Quidam
717 1715 880 1794 Gangetide
902 1716 933 1778 in
955 1734 1007 1777 ora

254 1824 403 1898 Nascitur,
425 1834 514 1904 atque
536 1823 599 1886 illic
618 1843 705 1886 nemo
729 1834 784 1897 est,
808 1825 859 1904 qui
879 1825 1000 1888 nomine
1024 1826 1189 1888 Christum.

255 1934 430 2014 Compeiiat
453 1952 549 2013 neque
566 1933 622 2014 ‘qui
645 1934 751 1998 doceat
772 1934 942 2014 scribatque
964 1935 1117 2015 legatque3

258 2043 296 2104 dt
317 2044 392 2104 recti
413 2043 484 2106 buic
504 2061 614 2116 morea,
636 2052 668 2106 at
687 2043 789 2107 nescia
812 2045 915 2106 fallere
934 2045 1004 2119 rita,

260 2153 366 2214 Omnia
390 2153 549 2232 iacta-pic,
571 2171 692 2232 semper
712 2161 803 2227 casta,
826 2173 921 2234 aequa
941 2155 1086 2229 voluntas,

205 2275 240 2326 70
259 2265 365 2337 Quoad
386 2263 462 2326 ratio
484 2263 632 2325 humanae
652 2264 751 2343 potuit
770 2264 941 2344 pertingere
962 2265 1081 2338 mentis

256 2374 322 2437 Non
344 2373 415 2436 iacti
437 2382 486 2434 aut
506 2372 589 2434 vorbi
610 2373 768 2434 maculavit
788 2374 913 2436 crimine
932 2374 1037 2436 vitam:

256 2483 383 2558 occidit,
405 2479 484 2544 baud
507 2482 584 2544 sacri
607 2482 724 2546 ablutus
747 2483 935 2562 baptismatis
958 2484 1046 2557 unda,

254 2595 375 2674 Absque
396 2593 470 2668 fide3
492 2591 552 2654 beu
573 2592 626 2654 ubi
644 2592 761 2673 justitia
783 2603 838 2666 est,
862 2612 937 2673 quae
959 2594 1080 2656 damnat
1100 2596 1250 2658 eundem?

161 2779 164 2785 Ι
254 2705 312 2766 Aut
333 2703 383 2764 ubi
406 2702 493 2783 culpa
514 2701 612 2782 hujus,
635 2703 662 2762 si
683 2703 780 2765 nescit
801 2704 924 2766 credere
947 2702 1089 2766 Christo?

203 2825 237 2878 75
253 2812 364 2894 Ecquis
386 2831 428 2883 es,
452 2813 483 2874 in
505 2813 646 2875 cathedra
670 2813 720 2892 qui
743 2813 788 2874 vis
809 2814 967 2876 considere
986 2814 1088 2894 judex,

254 2923 291 2984 Ut
310 2941 375 2984 rem
396 2922 540 2984 discutias
562 2922 692 3002 positam
714 2922 790 2985 ultra
811 2924 905 2986 millia
927 2933 1055 2997 centurn,

253 3031 307 3092 vu
329 3040 416 3112 aptus
438 3030 537 3093 metiri
560 3033 646 3094 oculo
669 3033 798 3112 spatium
820 3033 909 3094 unius
930 3031 1041 3094 uiuae?

297 3142 383 3204 Certe
404 3141 458 3215 illi,
480 3159 598 3204 mecum
621 3141 672 3220 qui
692 3149 885 3221 percontatur
906 3150 1002 3214 acute,

253 3250 290 3312 Ni
313 3251 468 3330 Scriptura
490 3252 571 3314 ausis
592 3251 699 3314 vestris
721 3249 908 3330 praecideret
930 3250 1002 3324 aias,

202 3373 237 3426 80
254 3361 326 3424 biira
350 3361 479 3442 quoidam,
501 3363 607 3433 fateor,
630 3360 784 3423 dubitandi
807 3379 912 3422 caussa
936 3361 1051 3422 fuisset.

297 3472 321 3533 0
345 3489 452 3532 curvae
473 3470 506 3533 in
527 3482 623 3532 terras
644 3469 771 3543 animae,
795 3490 812 3531 o
836 3470 962 3549 caligine
984 3489 1085 3532 crassa

255 3582 408 3645 Obductae
430 3579 561 3644 mentes!
585 3581 667 3655 Quae
688 3599 743 3660 per
764 3599 797 3642 se
819 3580 915 3660 prima
936 3580 1071 3641 voluntas

253 3693 308 3752 Est
327 3691 406 3753 bona
423 3667 652 3771 'perfectumque
671 3690 792 3764 bonum,
816 3709 910 3770 usque
932 3691 1050 3752 immota
1074 3690 1219 3752 ananebit:

254 3802 287 3863 ld
306 3801 419 3881 justum
441 3819 509 3863 esse
530 3808 610 3880 puta,
634 3801 712 3879 quod
736 3807 829 3862 totum
851 3801 989 3878 congruit
1010 3799 1069 3860 isti.

203 3921 237 3974 85
254 3912 339 3972 Noila
361 3919 469 3984 creata,
491 3911 562 3972 lioet
582 3928 637 3989 per
659 3927 692 3972 se
714 3909 836 3990 optima,
858 3929 906 3971 res
931 3909 1019 3972 trabit
1041 3909 1156 3988 ipsam3
1242 3919 1245 3928 ’

256 4021 334 4095 Quin
357 4021 448 4083 immo
470 4021 545 4082 baec
566 4020 687 4082 radians
709 4027 756 4082 est
775 4019 863 4082 istius
886 4020 973 4080 unica
996 4019 1090 4097 origo.

298 4130 411 4204 Qualis,
433 4129 486 4191 ubi
508 4138 637 4192 saturam
660 4131 794 4192 officiosa
817 4129 933 4191 ciconia
954 4129 1070 4209 prolem

252 4240 388 4318 Agnovit,
410 4259 478 4302 sese
499 4239 699 4302 nidosecura
720 4240 840 4308 volutat,
945 4259 947 4263 ’

254 4351 356 4424 Qualis
379 4349 513 4424 ethaeo,
536 4365 612 4430 quae
633 4358 758 4426 matrem
780 4349 897 4429 expleto
920 4357 1022 4410 ventre
1045 4356 1157 4410 tuetur:
1188 4429 1195 4440 θ

202 4465 236 4518 to
252 4461 324 4524 Tale
346 4460 411 4536 tuit,
434 4479 484 4524 mc
504 4460 549 4521 sic
571 4460 674 4524 oculos
694 4467 838 4540 utrosque
861 4467 989 4533 tenente,
