3236 5394
594 569 787 621 lrtrssnrlortuu
805 570 860 619 xvi.

237 779 446 849 Gnrnooonmaa
467 787 572 848 habuit
593 806 718 861 nomen,
741 789 915 851 Gnsnnmma
938 798 1078 869 nepotem

183 899 217 952 ³5
236 898 330 971 Quem
353 897 432 958 bona
454 897 533 958 lassa
557 915 643 958 suum
665 906 721 960 est.
764 899 839 960 Dum
861 897 954 959 movit
974 899 1097 980 spiritus
1120 907 1210 973 anus,

236 1006 365 1068 Plurima
388 1005 523 1068 consiliis
545 1005 595 1067 hic
617 1007 724 1084 gessit,
746 1006 874 1087 plurima
896 1008 986 1069 lerro.

234 1117 328 1202 Alter,
354 1116 404 1196 qui
426 1135 521 1196 prope
543 1135 590 1178 me
614 1124 721 1178 terram
745 1117 828 1191 terit,
851 1118 1041 1181 discensum

235 1226 375 1299 Tanarus,
399 1226 484 1306 cujus
506 1225 675 1304 gratissima
697 1224 973 1309 habendaloquela

234 1335 323 1397 Esset
345 1337 423 1415 apud
443 1342 568 1398 vestros.
611 1335 689 1414 Ego,
713 1335 764 1414 qui
785 1355 845 1397 nna
868 1345 1008 1417 torqueor
1029 1337 1128 1410 isthic,

184 1449 218 1500 4⁰
234 1445 423 1508 llusrronuns'
439 1447 547 1520 Jsoon3
570 1453 601 1508 et
622 1455 702 1506 certe
723 1445 835 1506 rustica
857 1447 964 1526 conjux

234 1555 305 1617 Plus
328 1555 421 1629 mihi,
445 1574 533 1636 quam
557 1555 719 1635 quidquam
740 1555 843 1636 pejus,
866 1556 1007 1618 nocuisse
1029 1558 1159 1638 putanda
1181 1566 1236 1620 est.

277 1665 308 1726 Si
331 1672 410 1727 tecto
433 1665 569 1726 dammae
591 1663 727 1727 licuisset
749 1666 806 1726 tela
829 1665 939 1738 subire,

234 1776 280 1836 Ire
303 1776 359 1837 sub
381 1773 533 1854 amplexus
554 1775 660 1835 horum
683 1774 740 1836 luit
760 1774 888 1855 impetus
910 1775 1024 1855 ingens,

234 1886 327 1965 quue
349 1903 433 1946 meus
455 1885 574 1957 doctor,
598 1883 629 1944 ni
651 1883 753 1957 lallor,
777 1885 853 1946 forte
875 1886 1009 1960 tulisset,

186 2001 218 2054 45
235 1995 292 2056 Sed
316 1994 386 2074 quia
409 1993 449 2056 mi
472 2002 588 2055 torrens
610 1993 741 2056 coxisset
761 1995 879 2056 flamma
901 1994 1055 2068 medullas,

235 2107 280 2166 lle
302 2104 381 2166 bona
404 2102 551 2175 destituit,
574 2111 734 2183 superante
755 2121 881 2183 pavore,
903 2105 1048 2178 voluntas,

235 2215 319 2289 Quae
341 2213 482 2293 cupidum
503 2212 617 2274 urebat.
660 2214 735 2275 Dein
756 2213 827 2275 talia
848 2222 970 2294 pectore
992 2214 1071 2276 ludi:

234 2327 355 2386 Vestrae
377 2322 509 2385 conditio
531 2323 622 2384 sortis
644 2323 716 2385 mihi
739 2323 829 2385 eorde
852 2325 995 2397 dolorem,

234 2435 300 2497 Non
322 2434 437 2506 odium,
460 2432 557 2495 infixit
577 2433 636 2506 sic,
658 2433 772 2514 estjam
794 2433 890 2496 serius
912 2433 964 2496 illo

187 2544 218 2597 5⁰
236 2544 364 2606 Omnino
386 2542 551 2622 exspolier,
574 2542 698 2605 simulac
720 2562 820 2605 comes
842 2562 894 2606 ore
915 2543 1049 2624 loquelas

234 2645 347 2716 Effudit
366 2652 457 2725 tales,
481 2652 577 2714 claros
599 2659 632 2713 ut
653 2653 760 2716 adesse
782 2654 904 2716 doceret

234 2764 395 2830 Nobilitate
417 2763 513 2836 viros,
536 2762 638 2841 quales
660 2781 713 2823 vos
733 2782 829 2843 usque
851 2764 960 2826 fuistis.

236 2876 338 2936 Vestra
361 2873 416 2934 luit
437 2871 510 2932 mihi
534 2879 611 2934 terra
633 2889 756 2952 parens,
779 2884 810 2935 et
831 2883 949 2954 ternpus
971 2874 1002 2936 in
1024 2892 1121 2946 omne,

235 2985 301 3046 Non
324 2984 389 3045 sine
410 2983 525 3044 honore
547 2981 614 3061 pio,
637 2981 746 3044 deeora
769 2984 826 3045 alta
849 2991 878 3047 et
899 2985 1021 3046 nomina
1041 3001 1148 3062 magna

188 3097 337 3157 colostra
360 3110 415 3171 ego
438 3089 600 3170 descripsi,
623 3091 825 3173 studiosisque
848 3094 968 3156 auribus
990 3093 1087 3156 hausi.

235 3205 334 3266 Triste
356 3221 410 3281 ego
432 3202 472 3263 fel
494 3201 615 3280 linquo,
639 3209 670 3264 et
691 3202 858 3280 quaesitum
880 3203 977 3265 dulcia
998 3222 1087 3283 poma

234 3315 425 3394 Appropero,
448 3310 522 3373 mihi
544 3329 620 3390 quae
642 3311 790 3390 promittit
811 3311 936 3374 idoneus
959 3317 1079 3386 auctora

232 3423 294 3486 sed
315 3423 445 3504 primum
463 3421 573 3502 jubeor
594 3428 728 3488 centrum
749 3420 932 3483 descendere
952 3421 983 3482 in
1005 3422 1107 3486 imum.

278 3532 329 3595 Sic
350 3539 402 3594 lna
424 3531 505 3596 felici
527 3531 655 3594 deducet
676 3530 799 3610 spiritus
823 3549 894 3593 aura

188 3649 219 3702 60
234 3643 366 3704 Membra
388 3641 458 3714 diu,
481 3640 570 3714 dixit,
592 3641 637 3702 sic
658 3649 727 3721 post
749 3647 777 3700 te
799 3640 911 3720 fulgida
934 3642 1011 3704 lama

237 3753 282 3814 Sit
302 3759 369 3826 tua3
392 3750 455 3825 dio,
479 3769 517 3812 an
539 3750 635 3813 adhuc
657 3759 758 3812 nostra
780 3759 968 3814 remorentur
988 3751 1019 3813 in
1041 3753 1114 3816 urbe

236 3861 364 3924 Humani
386 3879 500 3934 mores,
524 3859 690 3922 animorum
711 3867 741 3922 et
761 3861 893 3923 mascula
914 3861 1016 3936 virtus,

236 3973 273 4034 Ut
295 3971 387 4045 solet,
410 3990 448 4032 an
470 3979 573 4032 contra
593 3989 718 4051 prorsus
740 3970 853 4048 fugisse
875 3970 1033 4034 lerantur?

236 4067 369 4160 Namque
392 4080 563 4143 Gornnnrrus
585 4081 769 4153 Bonsnnms,
792 4081 890 4142 incola
914 4067 1034 4144 arenae'

189 4197 219 4250 tt
235 4191 356 4254 Urentis
377 4209 488 4266 novus,
512 4199 543 4251 et
564 4190 680 4252 turbam
702 4191 859 4252 comitatus
882 4185 1010 4264 euntem,

235 4301 310 4362 llum
332 4301 479 4380 permulta
501 4301 607 4374 relert,
630 4307 749 4362 nostras
771 4299 855 4361 valde
877 4309 997 4378 asperat
1018 4319 1115 4364 aures.

236 4410 314 4472 Gens
337 4428 433 4484 nova,
448 4418 519 4476 tum
540 4410 648 4472 subitis
672 4419 814 4488 congesta
835 4409 962 4490 pecunia
982 4406 1083 4484 lucris,

236 4519 272 4580 lit
292 4513 402 4583 fastum
425 4529 455 4581 et
474 4521 573 4582 luxum
595 4520 807 4594 immodicum,
822 4520 996 4594 Florentia,
1019 4521 1050 4582 in
1071 4519 1144 4584 urbe
