3282 5404
357 495 419 558 816
815 497 950 550 l'llldlllSl
968 498 1018 549 ill.

373 727 407 782 tt
424 715 520 796 thue
542 717 628 790 leret,
650 734 683 777 re
705 717 801 796 qualis
823 725 895 791 erat,
918 735 1003 780 sacer
1023 727 1153 797 impetus
1175 717 1218 781 illi

423 826 588 889 Allourno
611 826 742 901 ductum,
765 827 817 907 qui
839 845 936 907 usque
958 833 1004 888 est
1025 826 1195 890 dominatus
1218 828 1249 890 in
1271 829 1378 910 ipsum,

423 933 568 1016 Imposuit
589 953 708 1009 nomen,
733 936 813 1016 quod
836 946 954 1016 tempus
976 937 1007 998 in
1030 955 1119 998 omne
1140 939 1293 1000 remansit.
1311 973 1313 980 ,

422 1044 519 1125 Atque
541 1063 596 1125 ego
619 1044 687 1108 dico
709 1046 808 1120 istum,
831 1047 920 1109 veluti
943 1065 1031 1126 quem
1055 1046 1189 1110 Chrmtus
1211 1048 1352 1112 innorto

422 1153 589 1234 Agricolam
610 1155 722 1234 posuit,
745 1175 829 1218 suam
851 1174 940 1236 opem
961 1157 1074 1220 latums
1096 1156 1201 1219 amice.

372 1272 405 1326 to
421 1263 556 1326 Nunoius
578 1264 634 1327 iste
657 1265 778 1346 quidem
801 1265 980 1345 Christoque
1002 1267 1185 1329 domesticus
1207 1285 1265 1328 usu
1300 1319 1304 1327 .

423 1374 512 1436 Visus
532 1385 611 1449 erat,
634 1392 703 1436 nam
725 1374 839 1454 primus
861 1393 954 1447 aanor,
978 1376 1029 1455 qui
1051 1375 1163 1438 exarsit
1183 1383 1293 1455 aperte,

423 1484 588 1547 Consilium
609 1483 679 1546 lruic
701 1484 797 1546 luerat
817 1485 955 1564 primunr,
979 1486 1060 1564 quod
1080 1503 1154 1546 voce
1175 1493 1306 1564 rogatus.

421 1593 563 1656 lldiderat
584 1594 728 1657 Christus.
771 1594 947 1671 vigilantem
968 1595 1050 1656 hunc
1071 1591 1161 1674 saepe
1184 1594 1310 1675 soloque
1393 1622 1397 1634 ·

421 1703 538 1766 Invenit
558 1711 683 1766 stratum
704 1720 741 1766 ac
761 1703 891 1776 tacitum,
913 1711 946 1766 ut
968 1704 1019 1784 qui
1041 1703 1168 1768 diceret:
1192 1703 1305 1768 Adsum

371 1813 513 1876 tollutae
535 1813 572 1876 ad
593 1813 661 1886 lroc,
684 1813 792 1876 nuum.
814 1843 856 1860 -
878 1813 914 1887 0,
937 1833 996 1894 quo
1019 1822 1067 1878 est
1088 1815 1221 1893 genitore
1244 1823 1370 1890 creatus,
1406 1871 1410 1880 ,

421 1923 496 1985 Vere
517 1921 651 1986 felicem!
674 1923 771 1996 Quam
791 1941 862 1986 vere
883 1923 961 1986 dicta
980 1924 1096 1986 loanua
1118 1932 1165 1987 est
1295 1913 1297 1918 ’

420 2032 523 2108 llater,
546 2033 573 2094 si
595 2033 625 2094 in
648 2033 737 2094 terris
758 2041 829 2095 nota
851 2043 898 2096 est
918 2032 963 2095 ris
985 2033 1115 2108 nominis
1137 2031 1245 2115 lrujusl

421 2142 488 2204 Non
510 2143 537 2204 is
558 2161 614 2222 pro
635 2144 757 2217 mundo,
781 2142 831 2222 qui
854 2150 898 2204 tot
919 2143 1008 2206 modo
1030 2142 1113 2205 adire
1135 2142 1254 2205 labores

422 2253 517 2331 Cogit,
539 2251 678 2315 'laddaeo
699 2251 823 2331 vestigia
842 2269 947 2331 pressa
969 2259 1138 2331 sequentes,

370 2374 405 2429 75
422 2362 506 2424 lllius
528 2372 558 2425 et
579 2362 683 2436 flexus,
706 2362 755 2424 cui
776 2362 827 2424 dat
847 2379 987 2440 magnum
1010 2359 1094 2424 Ostia
1115 2379 1243 2437 nomen3

421 2473 460 2534 llt
481 2489 542 2534 non
564 2471 678 2534 ladaois
699 2489 807 2534 manna
830 2471 1002 2550 compulsus
1025 2489 1135 2544 amore,

421 2581 490 2643 llox
510 2587 592 2642 vasto
615 2581 698 2642 dives
720 2582 873 2644 doctrinae
894 2581 1017 2644 tlumine
1038 2599 1163 2660 magnus

421 2691 551 2752 Emicuit
572 2691 678 2753 doctor
699 2690 752 2758 sic,
775 2699 808 2754 ut
829 2691 981 2754 studiosus
1004 2690 1102 2754 obiret
1161 2709 1163 2714 ’

420 2801 556 2862 Vinctum
580 2800 665 2862 lacile
687 2799 899 2880 expallescere,
921 2800 949 2862 si
970 2800 1066 2863 malus
1088 2801 1132 2862 illi
1168 2833 1171 2846 ν

370 2924 404 2978 80
419 2911 541 2972 Vinitor.
558 2910 685 2974 adiuerit
729 2909 846 2984 Sedem,
869 2911 964 2990 magis
986 2919 1055 2972 ante
1076 2910 1235 2989 bonignam

419 3019 606 3101 Pauperibus
624 3019 724 3099 justia,
747 3037 808 3082 uon
831 3020 912 3101 quod
934 3019 1081 3101 culpanda
1103 3020 1143 3082 sit
1162 3020 1221 3093 illa,

420 3132 480 3194 Sed
503 3131 583 3211 quod
606 3129 780 3210 culpandus,
804 3131 855 3211 qui
875 3130 1007 3208 degener
1028 3139 1155 3210 oenrpat
1174 3131 1280 3210 ipsam,

418 3240 485 3302 Non
506 3247 540 3302 ut
562 3248 722 3302 sectantem
745 3239 859 3320 partiri,
882 3241 943 3302 site
965 3240 1103 3304 trientem

419 3349 547 3412 llimidia
567 3350 606 3412 de
626 3357 711 3430 parte
732 3350 791 3412 sini
812 3351 905 3423 daret,
927 3350 985 3412 iste
1006 3349 1128 3429 rogavit,

368 3459 485 3525 sallon
507 3468 618 3522 sortem
640 3460 722 3521 sedis
743 3461 894 3540 pinguem,
917 3477 993 3539 quae
1013 3461 1109 3540 prima
1130 3470 1256 3536 vacaret,

418 3569 484 3632 Non
507 3569 646 3643 decimas,
670 3587 745 3650 quas
763 3569 832 3650 jure
852 3569 902 3632 dei
923 3569 1103 3650 paupercula
1124 3569 1228 3638 narba,

419 3667 547 3754 Clamat3
571 3687 600 3742 at
621 3687 770 3744 errantem
793 3687 896 3741 contra
917 3697 972 3740 sua
992 3678 1070 3742 bella
1092 3681 1173 3742 ciere

417 3791 471 3854 llle
493 3790 571 3852 sinat
590 3789 742 3862 muudum,
765 3806 820 3869 pro
843 3807 902 3868 quo
924 3797 954 3852 ta
968 3789 1091 3852 semine
1111 3790 1234 3867 cingunt

419 3900 479 3962 Ter
499 3900 617 3980 plantae
639 3909 775 3962 octonae.
817 3899 895 3960 llein
915 3899 944 3960 ri
965 3899 1132 3962 exundante
1154 3901 1321 3982 profundae

367 4025 402 4078 eo
418 4011 578 4072 Doctrinae
599 4009 697 4083 simul,
720 4009 867 4071 aestuati
889 4009 1045 4086 defungier
1066 4029 1154 4072 orsus

417 4120 540 4182 Munere
561 4119 746 4200 Apostolioo,
767 4120 854 4198 quasi
875 4138 964 4198 qoem
986 4120 1095 4199 premit
1116 4119 1174 4182 alta
1194 4127 1331 4185 ruentem

418 4229 497 4290 Vena
518 4248 653 4304 amnem„
666 4229 698 4292 in
720 4228 838 4310 stirpes,
861 4247 935 4308 quas
958 4239 1072 4292 severat
1093 4229 1235 4302 haeresis,
1259 4228 1335 4293 ictus
1372 4277 1376 4286 .

417 4338 615 4417 Ingeminans,
638 4339 700 4402 illio
720 4357 794 4402 usus
815 4339 983 4418 potioribus
1005 4339 1113 4413 armis,-

416 4447 510 4530 Major
531 4447 581 4510 ulii
603 4456 725 4512 steterat
744 4449 790 4512 vis
812 4467 883 4514 ausa
906 4448 1053 4514 cbentere
1076 4457 1165 4512 certa.
