3214 5400
586 515 767 566 ruucrrouu
785 514 811 563 X.

194 733 334 804 Alterius,
357 741 408 794 tua
428 733 490 814 jein
513 730 662 798 oblitum?
683 734 759 796 haec
780 733 945 812 respondit.
988 732 1025 794 dt
1047 732 1115 794 iile:

197 846 283 906 Nunc
306 843 406 905 animo
430 850 494 904 esto
516 843 606 906 bono.
650 843 714 906 Mea
735 861 858 904 munera
880 842 974 916 obire,
996 843 1171 922 priusquam

199 956 277 1016 ilinc
299 953 412 1027 abeam,
436 953 531 1015 decet.
575 954 609 1015 ld
631 972 678 1016 me
698 954 748 1033 jus
770 961 863 1030 rogat,
886 960 974 1031 atque
995 959 1128 1015 moratur

197 1067 244 1127 Me
266 1064 374 1145 pietas.
418 1063 501 1126 Neve
524 1064 576 1142 qui
596 1083 748 1142 nunquam
769 1063 881 1124 vidisse
903 1070 1031 1142 putatur,

150 1186 182 1239 et
198 1175 355 1256 Expressit
375 1173 459 1246 tales,
483 1173 571 1234 oculo
593 1181 730 1244 testante,
754 1173 905 1251 loquelas3

200 1287 322 1365 Hesqne
344 1301 436 1346 nouas
459 1281 557 1344 nobis.
600 1283 675 1344 Nam
697 1283 807 1344 tantem
828 1281 899 1344 talia
920 1299 1071 1361 nunquam

200 1396 257 1457 Hic
278 1394 431 1456 hominem
452 1393 563 1455 inveni.
606 1393 683 1454 Itum
705 1400 749 1454 tot
771 1394 828 1454 tert
849 1392 940 1454 corde
961 1391 1101 1453 voluntas

200 1507 332 1568 Pascere
355 1502 533 1580 imaginibus
554 1503 660 1574 visum,
684 1519 759 1580 qnae
780 1502 909 1581 plurime
929 1501 1022 1562 moris

200 1613 331 1677 Humani
353 1613 529 1676 decrunentn
551 1611 670 1683 debent,
693 1612 804 1674 sentire
826 1612 976 1674 monentis

152 1732 184 1785 tto
202 1727 244 1787 lte
268 1743 301 1786 se
325 1741 412 1800 qnam
434 1722 589 1784 minimum
612 1729 641 1784 et
663 1739 724 1782 non
746 1722 878 1784 fastidire
901 1722 1057 1794 minores.

201 1835 329 1914 Propter
351 1839 381 1894 et
403 1832 547 1894 artificem
569 1831 711 1894 suberant
729 1831 862 1912 jucunda
884 1831 988 1892 tuenti.

243 1945 323 2006 Ecce
344 1943 409 2014 hac,
432 1941 585 2018 mussabat
605 1952 696 2014 vates,
719 1941 883 2020 procedere
904 1941 1015 2003 multos

202 2054 357 2134 Adspicis,
379 2052 456 2114 reris
478 2052 532 2114 sed
553 2050 693 2131 passibus
715 2051 904 2124 incedentes3

201 2165 283 2227 Haec
304 2182 362 2226 nos
383 2161 470 2224 turbs
492 2160 601 2239 gradus
624 2161 700 2223 altos
722 2161 833 2223 intrare
855 2159 983 2222 docebit.

154 2282 185 2336 95
204 2273 346 2348 Quamvis
367 2273 504 2334 haereret
524 2271 651 2350 cupidus
674 2289 749 2332 nora
771 2287 894 2331 cernere
917 2270 997 2332 visus

202 2385 285 2446 More
308 2401 372 2452 suc,
396 2400 457 2443 ncn
479 2381 537 2444 iste
558 2381 631 2442 mihi
654 2380 791 2453 cessauit,
814 2388 846 2442 ut
868 2379 952 2442 illum

203 2493 318 2565 Audivi,
341 2493 431 2570 inque
453 2491 552 2570 ipsum
573 2509 635 2552 nun
656 2490 755 2552 lentus
776 2490 889 2551 lumine
909 2490 993 2550 uerti.

245 2605 313 2664 Non
336 2619 391 2678 ego
413 2609 442 2663 tc
464 2601 568 2679 patiar.
591 2601 695 2671 lector,
719 2599 885 2674 discedere,
908 2607 990 2662 recto

204 2713 365 2793 Proposito
389 2711 579 2782 abstractum,
603 2719 702 2772 certus
724 2710 779 2771 tibi
801 2711 915 2783 dicere,
934 2709 1060 2789 qualern,

143 2831 189 2882 10⁰
207 2824 265 2898 Qui
289 2822 407 2895 debent,
433 2821 542 2900 Superi
560 2820 687 2901 jubeant
707 2820 879 2900 persolvere
900 2838 1038 2900 poenam.

205 2934 272 2995 Non
294 2932 348 2994 tibi
371 2930 511 3010 supplicii
534 2931 629 2992 icrnru
650 2930 839 3004 attendenda,
861 2930 979 2992 revolve

206 3046 388 3106 Successum
411 3049 441 3103 et
462 3049 561 3124 tecunr
582 3047 698 3119 reputa,
720 3039 798 3102 haud
821 3057 872 3102 res
894 3058 962 3102 esse
985 3018 1099 3101 suturas

206 3152 361 3216 Detericre
383 3150 450 3214 loco
472 3149 597 3214 ulterius
619 3157 689 3229 post
710 3158 844 3228 tempora
865 3149 965 3228 magni

208 3262 328 3336 Judicii.
350 3295 393 3305 -
415 3259 440 3322 0
464 3260 594 3338 sapiens,
617 3259 713 3338 coepi,
737 3259 816 3338 qucd
839 3277 945 3338 repere
967 3266 1071 3320 contre

145 3383 190 3436 1⁰5
207 3373 317 3434 Nostra
339 3372 418 3433 acies
441 3370 529 3442 videt,
551 3369 630 3432 haud
652 3387 758 3448 agmen
779 3387 851 3430 reor
870 3385 939 3430 esse
959 3368 1101 3439 virorum,

207 3483 317 3545 Verum
339 3481 443 3542 nescio
465 3479 537 3559 quid
557 3479 601 3540 sic
623 3479 735 3558 decipit
755 3479 812 3542 iste
834 3485 976 3542 tuentem.

251 3592 281 3653 Is
304 3590 394 3654 mihi:
418 3589 556 3652 conditio
579 3589 676 3667 gravis
699 3588 823 3650 stratio
847 3605 954 3667 aspera
975 3606 1091 3666 poenae

209 3701 272 3762 Hos
295 3700 391 3778 infigit
411 3699 493 3762 humi
517 3705 686 3760 contractos
707 3698 806 3760 omnis
827 3697 971 3770 membre,

210 3810 248 3872 Ut
268 3810 353 3890 prius
375 3809 453 3872 haud
477 3808 555 3870 oculi
577 3808 655 3870 hanc
677 3808 815 3888 quissent
835 3808 908 3870 mihi
931 3809 1036 3870 sistere
1058 3806 1150 3879 litem.

149 3929 194 3981 1111
209 3920 264 3982 Ast
285 3918 379 3982 eciem
403 3919 550 3982 contende
572 3918 642 3982 illuc
665 3918 822 3997 oculisque
843 3916 959 3978 revolve

210 4031 387 4109 Extricaque
410 4028 503 4102 illum,
526 4029 577 4108 qui
600 4028 680 4092 sexis
702 4045 791 4108 aegra
813 4027 868 4090 sub
891 4026 949 4090 illis

210 4140 341 4202 Membra
363 4139 470 4213 trahit3
492 4139 601 4211 disces,
622 4138 805 4218 utquisque
826 4144 949 4216 urgetur
970 4135 1007 4198 eb
1029 4137 1106 4214 ipsc.

254 4249 438 4312 Christiadce
460 4249 572 4322 miseri,
595 4247 707 4312 lassum
730 4265 823 4327 genus
846 4257 934 4326 atque
957 4245 1127 4326 superbum,

212 4362 296 4432 Ques
318 4360 395 4422 runle
418 4361 548 4422 confisos
571 4357 706 4421 infirmae
728 4357 839 4420 robore
860 4357 951 4420 menti

149 4477 193 4530 115
210 4469 257 4532 Ire
279 4488 335 4549 per
357 4470 494 4536 inversos
517 4469 621 4532 suadet
642 4467 751 4532 fiducia
773 4468 883 4544 calles3
