3236 5394
336 551 377 614 68
754 553 947 604 rnrsnnonuu
965 553 1042 604 xuu.

403 773 489 834 Hunc
509 792 597 853 pone.
640 775 664 834 Α
685 773 786 846 dextra
808 790 881 833 nora
904 789 972 834 sese
992 772 1088 832 forma
1109 770 1252 844 doloris,-

403 883 629 962 Poenarumque
650 900 758 946 norum
780 899 888 958 genus,
911 888 998 959 atquc
1020 897 1164 941 novorum

404 992 492 1053 drma
513 991 716 1052 ministrorum
738 989 873 1063 veniunt,
897 989 981 1068 queis
1002 988 1090 1066 balga
1111 988 1224 1068 repieta
1245 997 1290 1050 est

403 1099 551 1162 dnterior.
593 1100 669 1162 Nudi
692 1101 772 1160 fossa
793 1105 964 1178 spectantur
984 1099 1015 1158 in
1038 1097 1088 1158 illa

355 1215 388 1269 25
405 1210 550 1271 Damnati.
592 1210 635 1270 Ex
656 1208 754 1270 media
775 1208 845 1269 hinc
866 1208 1018 1270 venientes
1040 1225 1091 1268 ora
1115 1204 1249 1267 ferebant

405 1319 547 1392 Adversa,
571 1319 658 1390 inde,
680 1326 714 1379 ut
735 1335 805 1390 nos,
828 1335 986 1390 conversa,
1010 1315 1062 1378 sod
1085 1315 1169 1377 ocius
1193 1314 1289 1378 ibant:

406 1429 502 1502 Sicut,
524 1427 576 1489 uhi
599 1427 709 1490 exactis
730 1426 917 1505 complentur
937 1425 1090 1488 mensibus
1112 1424 1191 1498 anni,

405 1537 531 1601 Romani
552 1537 590 1599 ad
613 1543 688 1598 stata
710 1553 814 1608 sacra,
837 1534 944 1614 quibus
966 1534 1038 1596 dant
1055 1533 1149 1615 jubila
1172 1551 1288 1605 noman,

405 1647 547 1709 Invenere
567 1647 659 1718 riam,
683 1664 740 1726 qua
761 1651 882 1726 pontem
903 1643 1030 1723 plurima
1052 1643 1137 1704 turba

357 1759 390 1811 ³0
406 1757 482 1818 Hinc
504 1755 573 1817 inde
595 1755 745 1818 exundans
767 1753 907 1816 transiret
927 1753 1020 1814 libera
1043 1770 1163 1830 gressn3

406 1865 480 1928 Nam
502 1866 593 1926 latere
616 1884 650 1928 ex
671 1884 731 1926 uno
754 1863 875 1925 castello
898 1862 1039 1935 obversa,
1060 1861 1200 1941 Patrique

409 1974 510 2037 Sancti
532 1974 641 2053 templa
662 1982 767 2054 petens
789 1973 812 2033 it
834 1991 904 2052 pars
925 1991 1000 2047 unn3
1023 1971 1114 2034 altera
1137 1970 1282 2050 spondam

408 2085 480 2146 Pars
502 2082 588 2146 aliam
611 2091 693 2145 tenet
714 2083 751 2144 ad
774 2089 902 2144 montem
925 2081 1048 2160 vestigia
1070 2082 1203 2142 flectens.

449 2193 526 2255 Hinc
548 2201 635 2271 atque
656 2191 726 2254 hino
747 2210 850 2253 saxum
871 2209 927 2270 per
946 2199 1055 2252 tetrum
1075 2174 1240 2250 Daemones
1263 2188 1306 2248 ire

329 2348 332 2356 .
359 2311 391 2363 ³5
410 2302 556 2366 Cornibus
579 2309 722 2374 armatos,
745 2300 867 2362 immani
890 2309 920 2362 et
940 2300 1062 2363 verbere
1084 2299 1144 2361 vidi

410 2412 585 2474 Vulneribus
607 2410 703 2472 saeris
725 2410 843 2473 illorum
865 2416 946 2488 terga
969 2417 1109 2471 terentes.
1243 2385 1246 2399 ’

409 2523 474 2584 Heu
495 2521 583 2594 mihi,
605 2537 692 2599 quam
713 2537 841 2599 propere
863 2519 919 2580 hos
941 2517 1099 2598 adigebant
1120 2516 1223 2578 tollere
1245 2533 1331 2576 crura

410 2630 454 2692 Ad
475 2630 590 2710 primos
612 2628 742 2707 crepitus
763 2627 929 2708 plagarum!
951 2625 1227 2707 Jamqueisecunda
1347 2651 1354 2667 ·

410 2739 537 2801 Verbera
553 2721 750 2812 caedentum,
771 2738 817 2798 rel
838 2737 925 2799 tertia
948 2755 1035 2798 nemo
1057 2736 1203 2798 manebat.
1224 2777 1227 2783 -

361 2853 395 2904 4ο
454 2850 585 2928 Cumque
606 2847 695 2921 irem,
718 2848 869 2909 offendere
890 2847 980 2908 simul
1000 2864 1066 2908 mea
1088 2844 1199 2908 lumina
1222 2843 1384 2925 quendam3

411 2962 506 3037 Atque
528 2957 587 3019 cito
609 2957 684 3018 diri:
707 2958 792 3019 Haud
814 2955 851 3016 ab
874 2974 908 3018 ea
929 2965 976 3018 est
992 2955 1096 3037 jejuna
1118 2955 1211 3033 figura

317 3091 320 3098 ⁴
412 3045 520 3144 Nostra
543 3066 632 3128 acies.
675 3067 804 3146 Ideoque
825 3067 933 3146 pedes,
956 3073 998 3127 ut·
1009 3081 1134 3126 noscere
1156 3081 1287 3142 possem,

414 3176 568 3250 Continui,
591 3195 626 3238 ao
648 3175 743 3237 dulcis
764 3194 880 3236 mecum
903 3174 960 3236 dux
980 3173 1091 3236 restitit
1112 3181 1199 3252 atque

413 3286 538 3359 Annuit,
560 3294 594 3348 ut
614 3293 694 3348 retro
715 3286 837 3365 paudum
857 3282 981 3362 vestigia
1003 3284 1121 3344 serrem.

363 3401 397 3454 45
413 3395 467 3457 Ille
488 3402 586 3463 autem
608 3412 713 3456 caesus
733 3413 782 3456 mc
803 3395 905 3456 fallere
925 3411 1017 3472 posse
1036 3392 1168 3472 putabat,

415 3505 501 3566 Vultu
522 3504 669 3577 demisso,
691 3523 796 3584 pamm
817 3511 847 3564 at
868 3503 927 3582 ipsi
948 3504 1061 3582 profuit
1082 3510 1179 3577 astus;

416 3615 490 3676 Nam
512 3613 587 3676 dixi:
612 3614 635 3674 0
658 3623 705 3688 tu,
729 3613 779 3692 qni
800 3612 906 3692 defigis
927 3613 1037 3674 lumina
1061 3620 1165 3684 terrae,

417 3713 454 3784 Ni
475 3722 580 3784 sallum
601 3743 676 3803 quae
697 3723 781 3801 signa
803 3721 897 3800 geris,
920 3723 1084 3784 Vnusnrcus
1105 3721 1155 3782 ille
1178 3740 1210 3784 es

324 3815 336 3840 ⁶
419 3833 636 3894 Qcmaurnrco.
679 3832 723 3894 dd
745 3849 856 3894 coenas
875 3840 934 3894 tam
957 3831 1018 3892 aori
1040 3831 1101 3892 salo
1124 3831 1219 3892 salsas

370 3947 403 4001 50
420 3942 564 4014 Quisnam
587 3950 615 4002 te
636 3939 738 4004 ducit?
761 3942 835 4003 Tum
857 3942 900 4002 is:
922 3941 989 4003 Non
1011 3948 1119 4020 sponte
1140 3959 1193 4002 ora
1213 3939 1346 4013 resnlro;

421 4051 478 4113 Sed
500 4061 550 4113 tua
571 4069 619 4112 me
640 4051 720 4130 cogit
741 4051 820 4114 claro
841 4069 978 4114 sermone
999 4050 1127 4130 loquela,

419 4161 546 4239 Propter
567 4179 655 4240 quam
676 4161 829 4241 antiquum
850 4179 915 4222 mea
937 4179 1021 4222 mens
1042 4159 1374 4228 reminiscitur-orbem.

421 4269 473 4331 lile
495 4270 574 4332 idem
595 4271 660 4351 ipsc
682 4270 739 4344 fui,
763 4269 813 4348 qui
834 4269 915 4332 vultu
937 4277 966 4332 et
987 4289 1112 4351 corpore
1133 4268 1257 4350 pulchro

422 4379 624 4441 Praestantem
646 4380 727 4441 suasi
749 4380 904 4443 Garsonsu
926 4379 1034 4442 dedere
1057 4388 1170 4454 cuncta,
1286 4441 1290 4448 .

374 4493 406 4546 55
423 4488 553 4550 Marohio
576 4509 651 4569 quae
672 4488 779 4564 voluit,
803 4488 946 4570 quidquid
966 4491 1043 4552 mala
1066 4491 1165 4552 sabula
1187 4496 1312 4550 cantet
