3234 5396
617 591 750 639 l’dlldlllSl
770 590 798 640 ll.

207 807 273 880 Aut,
296 815 329 868 ut
351 807 449 886 opima
471 805 558 886 adipe
580 815 611 868 et
632 807 746 869 mixtim
768 809 867 871 minus
888 819 978 872 uncta
999 829 1055 892 per
1075 821 1156 876 artus

159 929 190 980 7⁰
210 917 353 997 Corporis
375 916 463 977 unius
488 933 556 978 caro
579 917 698 991 diditur,
721 918 798 980 lraud
822 935 910 980 secus
933 920 990 982 iste

205 1027 240 1088 ln
262 1026 386 1106 proprio
409 1025 541 1086 chartam
562 1034 657 1088 mutet
677 1046 762 1088 versa
784 1027 848 1089 vice
870 1028 957 1092 libro.

207 1136 290 1209 Quae
312 1134 387 1196 milri
409 1135 488 1195 dicta
509 1134 593 1214 prior
615 1153 721 1197 caussa
744 1147 799 1210 est,
822 1137 854 1198 in
875 1138 956 1200 Solis
978 1149 1079 1220 aperta

203 1245 293 1307 Esset
315 1244 442 1317 delectu,
466 1263 534 1306 nam
556 1245 740 1307 translucere
764 1247 879 1308 videres

204 1355 319 1416 Lumen
342 1362 374 1416 ut
395 1353 543 1432 ingestum
565 1354 632 1436 reji,
656 1373 732 1436 quae
754 1375 881 1436 corpore
902 1374 970 1418 raro

156 1473 188 1527 75
207 1465 340 1527 Constet.
383 1463 421 1524 At
441 1463 472 1524 id
495 1481 555 1524 non
578 1466 620 1525 lit.
665 1465 764 1538 Quare
787 1465 955 1547 inspectare
977 1467 1139 1530 secundam

204 1575 260 1636 Est
282 1591 391 1654 operae
413 1573 551 1652 pretium.
595 1575 633 1635 Al
655 1574 708 1635 tibi
731 1575 757 1636 si
780 1575 857 1637 dabo
880 1576 1012 1639 funditus
1035 1578 1123 1640 istarn

205 1684 356 1758 Euersam,
380 1691 451 1744 tnnc
473 1683 529 1744 isla
553 1692 620 1744 tuae
642 1685 790 1747 sententia
811 1686 920 1748 mentis

205 1794 294 1855 Falsa
317 1793 383 1854 erit.
428 1793 492 1854 Hoc
514 1813 614 1854 rarum
637 1794 662 1853 si
685 1795 765 1856 haud
787 1809 834 1856 est
854 1795 1049 1876 penetrabile,
1073 1805 1193 1878 oportet

207 1903 274 1965 Sint
296 1903 370 1964 certi
393 1905 478 1977 lines,
502 1923 577 1983 quos
601 1904 722 1966 tendere
743 1923 804 1965 non
828 1903 907 1966 sinat
930 1907 1003 1967 ultra

154 2027 188 2080 so
204 2014 277 2075 llem
300 2013 358 2074 sihi
380 2022 570 2093 pugnantem,
593 2031 719 2092 seseque
741 2022 820 2075 retro
842 2014 912 2076 inde
934 2016 1073 2076 refundat

203 2123 334 2186 Alterius
353 2123 451 2204 jubar,
474 2136 507 2184 ut
527 2142 582 2203 per
603 2124 720 2196 vitrum,
744 2123 794 2184 ubi
816 2124 934 2186 bractea
958 2124 1071 2204 plumbi

189 2233 326 2308 ‚Tenerit
348 2233 418 2294 huic
440 2241 564 2312 tergum,
587 2232 684 2293 resilit
704 2233 796 2295 color.
839 2234 877 2295 At
897 2236 987 2294 modo
1010 2235 1102 2309 dices

204 2344 260 2406 Hic
282 2344 376 2422 magis
399 2350 486 2421 atque
509 2342 580 2403 alihi
598 2342 688 2423 jubar·
709 2361 853 2423 apparere
873 2352 1016 2418 retusum,

206 2455 294 2528 Quod
315 2451 343 2514 vi
366 2453 511 2534 rejectum
533 2453 627 2538 magis
649 2452 793 2513 interiore
814 2453 951 2514 recessit.

154 2573 187 2626 85
205 2551 291 2624 Hunc
316 2561 367 2624 libi
390 2562 527 2642 poscenti
550 2562 661 2624 nodum
684 2562 866 2642 experientia
890 2564 993 2636 solvet,

205 2674 238 2736 si
261 2675 338 2734 sorte
361 2673 438 2734 hanc
461 2680 567 2745 tentes,
592 2691 667 2751 quae
690 2682 816 2746 vestrae,
840 2673 931 2734 lontis
953 2675 990 2735 ad
1015 2675 1118 2748 instar,

204 2785 260 2846 llat
280 2783 361 2845 rivos
384 2783 466 2843 artis.
511 2782 706 2862 Speculorunr
729 2783 841 2844 lumina
862 2783 933 2844 bina

204 2893 324 2974 Accipe,
347 2893 445 2954 ethis
468 2893 584 2954 medius
608 2894 654 2953 lac
676 2893 777 2954 sistas.
821 2894 903 2955 lnter
925 2902 1082 2974 utrumque

203 3005 287 3066 Pone
310 3003 389 3065 aliud
412 3003 575 3082 speculum,
599 3001 679 3082 quod
701 3003 793 3064 distet
813 3002 931 3080 longius
954 3012 1032 3077 ate,

155 3132 187 3184 90
204 3112 397 3192 lnveniatque
418 3121 486 3173 tuos
509 3112 622 3173 oculos.
666 3112 835 3173 Conversus
857 3113 894 3172 ad
917 3109 967 3172 illa

202 3223 264 3286 Fac
286 3223 340 3284 tihi
362 3231 432 3302 post
453 3230 568 3302 tergum
589 3230 649 3284 stet
668 3221 765 3282 vivida
787 3223 906 3282 llarnma
926 3221 1075 3293 lucernae,

204 3334 289 3407 Quae
312 3332 417 3412 triplex
439 3332 546 3394 vitrum
568 3332 758 3412 speculorum
781 3330 931 3403 accendat,
955 3329 1073 3410 etipsa

201 3443 247 3504 'Ad
267 3451 296 3504 te
319 3461 352 3503 sc
375 3444 485 3504 reserat
505 3443 616 3523 rejecta
637 3441 704 3504 vit-ri
727 3439 825 3521 objice
848 3440 936 3500 trino.

206 3552 483 3633 Quantulacumque
506 3553 576 3614 licet
598 3551 770 3613 discrimina
793 3567 915 3612 cernere
937 3549 1013 3612 lucis

156 3679 188 3732 95
205 3662 272 3724 Non
297 3662 336 3722 sit
357 3663 495 3743 rejectae,
519 3662 610 3723 facies
633 3669 722 3741 prout
744 3661 858 3739 singula
881 3660 949 3723 vitri

204 3774 229 3833 Α
252 3783 280 3833 te
304 3771 443 3833 dissimili
464 3772 562 3851 posita
587 3780 632 3833 est
653 3771 757 3852 procul
779 3771 944 3843 intervallo,

206 3883 328 3956 Cernes,
351 3890 383 3943 ut
404 3883 525 3962 speculo
548 3881 619 3943 huic
641 3901 734 3961 aeque
757 3881 915 3961 splendere
938 3899 1062 3942 necesse
1086 3889 1140 3940 est.

204 3991 290 4054 Nunc
312 4001 353 4066 ut,
372 4007 447 4074 quae
469 3991 587 4053 nivibus
610 3993 745 4063 subsunt,
768 3991 832 4051 sole
855 3990 912 4051 icta
935 4001 1068 4070 repente,

205 4101 376 4182 Exspoliata
399 4103 501 4163 colore
522 4109 652 4175 manent,
676 4109 705 4164 et
726 4099 837 4180 frigore
859 4083 972 4180 primo,

140 4225 189 4276 100
206 4213 266 4286 Sic,
288 4211 345 4274 hac
367 4221 466 4275 mente
489 4211 543 4273 tibi
566 4220 662 4284 exuta,
685 4219 744 4272 stat
766 4225 846 4272 certa
868 4212 1003 4272 voluntas

204 4323 370 4384 lnlormare
393 4323 468 4384 adeo
491 4321 585 4382 vivaci
607 4321 729 4395 lumine,
752 4330 792 4394 ut,
816 4321 846 4382 in
870 4329 899 4383 te

204 4432 280 4494 Illud
302 4431 354 4493 ubi
377 4432 519 4507 incurrat,
541 4433 631 4512 pleno
654 4432 768 4510 fulgore
792 4440 938 4494 coruscet.

204 4539 334 4603 Includit
355 4542 471 4603 coelum
494 4542 592 4604 divina
614 4561 687 4623 pace
711 4540 842 4621 quietum
