3362 5414
276 477 384 524 mpffl
814 456 989 510 murello.

275 645 369 737 lium,
395 642 549 718 Dentis
575 638 816 736 altigherii
841 638 960 716 ducem
975 641 1206 738 comitemque,
1221 649 1318 738 atque
1334 640 1438 734 illum,
1461 640 1515 736 qui

273 763 442 860 quondam
467 760 588 836 oeoinit
610 783 739 857 pusaeo
764 781 866 844 rura,
894 757 1006 847 dassen
1033 770 1067 832 et
1091 759 1133 832 ed
1159 759 1302 832 eundem
1326 769 1457 856 postem
1482 757 1515 832 in

278 881 383 974 nouis,
411 903 492 976 ques
519 879 599 974 agit,
624 875 773 975 partibus
799 875 1049 972 intelligendum
1063 877 1137 952 aliis
1155 886 1254 974 etque
1269 887 1366 950 anna
1379 875 1515 950 edmini·

279 998 362 1078 aulis
387 999 437 1072 uti
463 996 642 1074 debebunt.
693 993 816 1070 Verum
841 1018 885 1068 ue
911 995 986 1094 quis
1011 996 1097 1070 sorte
1123 996 1339 1088 deterreatur,
1366 1020 1435 1092 qun
1458 995 1516 1068 mi·

278 1141 342 1192 nus
358 1115 457 1212 hujus
473 1115 602 1209 Virgilii
617 1113 736 1188 ilentei
750 1123 908 1210 sequatur
927 1115 1076 1210 vestigia,
1095 1137 1304 1211 summopere
1314 1115 1406 1210 ,eavit
1417 1115 1517 1190 inter·

278 1259 357 1333 pres
383 1229 687 1310 noster'Piezua.
738 1231 771 1306 ls
797 1232 886 1306 enim
911 1233 973 1340 vir,
1000 1233 1119 1308 studiis
1145 1232 1358 1306 humanitatis
1383 1255 1423 1304 no
1446 1231 1517 1304 lite·

279 1377 392 1430 rarum
418 1351 618 1447 elegantium
652 1349 847 1447 perpolitus,
881 1351 963 1425 nihil
996 1350 1130 1424 omuino
1157 1349 1398 1448 praetermisit,
1431 1349 1519 1447 quod

280 1469 544 1568 interpretationi
580 1468 717 1544 Latinae
749 1491 830 1542 sune
855 1468 1009 1552 virtutem
1036 1470 1295 1566 dignitatemque
1327 1468 1519 1559 vindicaret,

281 1615 345 1688 qua
360 1589 402 1663 nd
418 1589 619 1686 optimorum
634 1587 818 1660 oerminum
831 1588 1233 1662 auctoritatemeooedere
1247 1587 1424 1662 rideretur.
1458 1585 1520 1658 Su·

153 1752 157 1768 f
280 1709 497 1805 peravitseee
511 1705 1042 1804 iiludPropertienumiarooqoie
1057 1706 1204 1780 potuim
1217 1715 1473 1802 retentusque,
1486 1712 1522 1778 ut

280 1824 678 1917 Horatiirerbiautamur,
695 1847 779 1898 onus
788 1823 946 1922 suscepit,
967 1825 1055 1922 quod
1070 1823 1200 1898 humeri
1219 1825 1305 1898 lerre
1320 1831 1521 1898 recusarent

383 1942 435 2016 Ne
458 1965 535 2018 vero
562 1941 637 2040 quis
663 1942 750 2036 illis,
783 1967 866 2039 qnae
892 1967 992 2040 supra
1019 1941 1061 2016 de
1086 1943 1197 2016 indole
1222 1943 1359 2016 divinoe
1386 1941 1522 2014 Comoe-

281 2061 470 2140 diee'aliud
498 2071 634 2157 agentes
661 2059 815 2154 diximus,
841 2061 877 2134 in
902 2085 1050 2134 errorem
1074 2061 1219 2160 aliquem
1246 2061 1432 2154 inducatur,
1459 2083 1523 2132 neu
1649 2094 1650 2124 t

282 2179 472 2273 existimet,
505 2179 683 2256 lleutem
719 2179 847 2276 ipsum,
892 2181 1041 2278 qnnmris
1073 2189 1184 2258 tentus
1219 2190 1350 2278 umque
1381 2177 1524 2275 praeola·
1650 2174 1651 2196 ¹

282 2323 340 2373 rus
379 2307 478 2393 poete
518 2295 588 2388 sit,
629 2307 784 2392 tanquam
824 2297 889 2372 fide
928 2292 1206 2398 dpdnlofomirp
1246 2309 1293 2372 et.
1309 2295 1525 2370 Scholasticis

283 2415 422 2510 argutiis
449 2413 752 2510 subtilitedbusque
777 2409 942 2489 initiatum
967 2426 1065 2514 atque
1091 2416 1266 2509 imbutum,
1291 2441 1311 2488 a
1337 2423 1527 2488 nostrornm
1653 2416 1654 2430 ¹

284 2542 471 2630 temporum
498 2531 647 2608 moribus
673 2532 829 2630 omnique
863 2543 976 2606 nostre
1008 2534 1264 2632 philosophandi
1297 2545 1331 2606 et
1361 2531 1527 2606 sentiendi
1654 2496 1655 2532 d

284 2651 412 2726 ratione
451 2650 518 2726 ullo
560 2649 659 2724 modo
700 2649 905 2745 abhorrere,
947 2677 1055 2750 neque
1081 2653 1260 2752 quidquem
1285 2675 1362 2725 eum
1389 2649 1527 2725 caeteris

284 2779 474 2846 nostrerum
500 2767 688 2844 scholarum
714 2769 832 2842 studiis
858 2780 892 2843 et
916 2771 1064 2844 consiliis
1089 2783 1147 2846 eut
1172 2795 1248 2844 oum
1262 2795 1339 2844 vero
1363 2769 1444 2863 aeri,
1463 2791 1527 2868 quo

285 2911 348 2960 nos
375 2911 451 2962 num
473 2887 614 2960 menime
638 2887 790 2984 unimus,
816 2888 951 2984 ingenio
977 2889 1100 2962 hebere
1127 2889 1293 2986 conjuncti
1319 2889 1529 2986 cognatique,

287 3005 435 3100 exempla
472 3005 582 3102 aliqua
607 2997 839 3100 luculentiore,
885 3019 919 3080 et
949 3033 988 3080 ea
1021 3008 1155 3106 quidem
1190 3033 1232 3080 ex
1258 3008 1329 3105 ipsa
1362 3005 1529 3100 theologia

287 3121 414 3197 uanos
442 3121 595 3216 delibata,
621 3122 676 3198 hio
701 3124 765 3198 loci
790 3150 1014 3224 proponamus
1039 3137 1073 3200 et
1098 3127 1207 3220 simul,
1233 3126 1348 3225 quanti
1374 3125 1419 3198 sit
1431 3121 1530 3222 pretii

287 3240 516 3338 interpretatio
543 3239 742 3337 Pierzee,
776 3246 869 3342 qnasi
895 3245 1097 3346 praelibandi
1125 3269 1260 3339 caussa,
1287 3241 1530 3343 vspeeir'uinibus

289 3383 386 3457 quem
413 3359 617 3432 brevissimis
644 3361 820 3436 doceamus
847 3374 881 3436 et
905 3365 1086 3452 firmemus.

389 3477 504 3552 Liceat
528 3477 631 3572 igitur
655 3479 742 3556 hene
774 3484 808 3556 in
835 3505 906 3555 rem
932 3507 973 3555 ex
997 3483 1178 3556 Piazrae
1202 3480 1355 3554 versione
1380 3487 1531 3575 repetere

290 3594 457 3690 insignem
490 3595 581 3668 illum
613 3597 760 3678 Peredisi
794 3599 902 3695 (XIX,
928 3602 978 3674 65
1006 3608 1114 3698 s'eqq.)
1148 3600 1275 3692 locum,
1310 3597 1365 3696 qui
1399 3597 1532 3692 inipso

290 3715 412 3810 pietete
431 3712 618 3786 Christiana
645 3715 791 3814 divinum
818 3719 982 3815 quendam
1007 3728 1040 3790 et
1064 3743 1160 3806 verae
1186 3701 1398 3792 humanitatis
1426 3707 1459 3788 et
1478 3737 1532 3788 ve·

292 3853 348 3901 rae
380 3827 608 3926 philosophiae
643 3836 779 3907 odorem
812 3839 915 3934 spirat
948 3848 981 3910 et
1019 3837 1092 3910 luce
1125 3835 1286 3912 libertatis
1323 3833 1532 3908 dulcissimae

293 3971 421 4020 animos
448 3950 596 4023 omnium
621 3963 767 4026 reorent:
852 3973 855 3984 ’
1045 3951 1047 3956 ’

446 4165 486 4178 -
507 4167 550 4180 -
574 4135 700 4209 Quidem
724 4139 888 4218 Gangetide
910 4141 942 4204 in
963 4161 1015 4204 ore
1154 4181 1157 4188 .
1274 4171 1277 4180 Α
1306 4157 1308 4164 ’

445 4233 592 4313 Nascitur,
615 4249 703 4321 etque
723 4241 788 4304 illic
809 4261 897 4304 nemo
920 4251 974 4317 est,
998 4242 1048 4324 qni
1069 4241 1189 4304 nomine
1211 4237 1361 4302 Christum

448 4334 621 4419 Compeliet,
643 4363 740 4426 nequo
763 4343 814 4426 qni
835 4343 942 4407 doceat
961 4345 1131 4426 scribatque
1152 4343 1307 4426 legatique3

448 4441 485 4498 At
506 4443 580 4504 recti
601 4443 673 4509 huie
694 4465 803 4521 mores,
826 4453 857 4508 et
878 4446 980 4509 nesoia
1001 4445 1105 4509 fellere
1124 4427 1193 4520 rite,
1272 4429 1274 4440 ¹
