3362 5414
178 494 183 614 l
687 551 879 604 rnreauunuu
897 554 915 603 1.
1085 517 1088 530 ’

252 781 286 838 ua
304 767 448 850 Quisquis
471 787 518 843 as,
540 781 589 832 aut
612 789 721 858 corpus
743 772 884 846 mentale,
908 781 959 836 aut
980 773 1116 854 corporis
1137 773 1251 836 umbra.

343 877 410 940 Nou
432 895 542 958 cerpus
564 879 705 953 mortale,
728 881 770 942 lui
793 881 851 944 laec
869 881 932 962 jam
951 883 1040 956 alim,
1063 865 1171 966 incipit
1192 884 1252 958 illc,

302 988 349 1050 lle
371 955 445 1050 citra
466 987 589 1051 Eridani
612 988 708 1068 ripam
730 1008 859 1067 genuere
880 1000 1031 1070 parentes.

302 1096 476 1168 Ausonium
496 1115 591 1177 genus
613 1099 675 1172 his,
699 1117 775 1180 quos
796 1101 915 1162 Mantua
936 1101 1059 1181 protudit
1082 1103 1195 1166 ambos.

304 1208 440 1269 Caesena
461 1207 516 1269 sub
539 1207 690 1283 Puerum,
714 1209 768 1270 sed
789 1209 923 1270 nendum
944 1211 1098 1290 principe,
1120 1213 1232 1292 primas

252 1323 285 1377 65
302 1317 407 1380 Editus
428 1317 515 1380 hausi
537 1337 635 1380 auras.
677 1319 790 1380 Romae
811 1319 881 1380 dein
903 1321 961 1382 vita
983 1331 1103 1402 peracta
1126 1331 1174 1384 est

303 1427 364 1489 Sub
386 1427 453 1488 miti
474 1427 602 1508 imperio
624 1430 771 1501 Auausm,
795 1447 854 1508 quo
878 1441 1010 1509 tempere
1033 1431 1126 1492 falsos

299 1537 518 1617 llendaeesq'ue
538 1537 617 1600 llecs
638 1537 792 1599 hominum
814 1557 899 1600 mens
920 1557 994 1602 vana
1015 1541 1141 1603 calebat.
1206 1579 1208 1584 .

299 1647 394 1727 Atque
417 1647 500 1710 illum
521 1655 603 1710 vales
626 1647 737 1720 cecini,
757 1647 944 1728 justissimus
966 1669 1044 1712 uuus

286 1756 359 1830 ¹Qui
382 1757 439 1818 luit
459 1757 588 1820 Anchisa
611 1768 712 1829 natus,
736 1759 787 1838 qui
808 1777 899 1837 regua
921 1759 1027 1840 petivit

250 1879 284 1932 7u
299 1867 388 1942 Itala,
409 1867 461 1930 uhi
483 1867 592 1948 Trojae
614 1867 723 1930 fastum
736 1875 973 1948 'consumpserat
993 1869 1080 1948 iguis.

299 1978 337 2042 At
357 1985 389 2040 tu
412 1997 465 2040 cur
486 1985 600 2040 lanutm
621 1977 666 2038 vis
687 1996 791 2040 rursus
814 1977 897 2040 adire
917 1975 1077 2041 laborem?

300 2089 360 2152 Gur
379 2088 497 2150 animus
518 2086 629 2166 refugit
645 2087 810 2168 jucundum
832 2089 977 2152 scandere
998 2095 1139 2162 mentem,

302 2198 360 2271 Qui
383 2207 472 2278 caput
494 2207 525 2260 et
546 2216 653 2260 caussa
676 2204 737 2270 cst,
760 2177 814 2258 eur
835 2197 934 2260 omnia
957 2197 1063 2276 gaudia
1086 2198 1238 2276 gliscunt?

282 2381 285 2388 Δ
340 2303 419 2370 Huic
437 2311 495 2386 ‘ego
518 2309 676 2370 consessus
698 2307 948 2368 demissalrunte
969 2308 1129 2388 pudorem:

249 2417 283 2471 ⁷5
300 2417 385 2480 Tune
406 2437 439 2480 es
459 2418 630 2506 Vinicianus,
653 2424 724 2478 tune
747 2435 780 2478 es
802 2418 869 2488 lons
892 2416 942 2478 ille
964 2416 1097 2496 sophiae,

300 2527 384 2590 Unde
406 2527 472 2590 fluit
492 2529 604 2590 tlumen
625 2523 762 2588 tantum?
785 2526 810 2588 0
833 2525 906 2588 mihi
929 2525 1023 2605 gloria
1044 2535 1152 2601 vetum,

300 2636 325 2698 0
348 2634 503 2718 splendor!
528 2635 665 2699 Studium
686 2635 759 2699 mihi
782 2636 903 2716 lengum
924 2636 1022 2716 prosit
1042 2654 1185 2718 amorque

298 2747 436 2828 Magnus,
459 2765 518 2827 que
541 2746 726 2827 impellente,
749 2754 832 2809 tuum
854 2746 1009 2826 quaesisse
1030 2746 1169 2812 volumen

298 2858 345 2920 lle
367 2858 472 2920 fatcor.
516 2855 588 2918 llihi
611 2864 643 2918 tu
664 2875 698 2918 es
720 2867 912 2936 praeceptor,
936 2863 1106 2932 eluuntur,
1129 2868 1161 2920 et
1181 2876 1267 2931 uuus,

247 2973 283 3027 8⁰
298 2967 382 3030 Unde
404 2967 512 3047 stylum
533 2966 648 3046 sumpsi
670 2965 841 3046 pulchrum,
865 2985 924 3046 qua
947 2975 994 3028 cst
1014 2967 1109 3045 gloria
1130 2975 1225 3048 parta.

299 3076 508 3156 Contemplare
530 3076 637 3148 leram,
662 3093 719 3156 qua
741 3063 936 3156 propulsante
958 3077 1070 3156 relugi3

297 3187 382 3250 Hanc
403 3194 508 3248 contra
529 3186 579 3248 det
601 3203 705 3265 opem,
728 3185 869 3266 Sapiens,
893 3193 941 3248 tua
964 3186 1082 3265 cognita
1103 3186 1206 3262 uirtus,

297 3297 372 3360 Nam
393 3297 466 3359 lacit
487 3295 545 3361 ista
566 3294 655 3368 mihi,
679 3302 712 3356 ut
732 3314 825 3357 venae
845 3295 1010 3375 pulsusque
1032 3296 1214 3358 tremiscant.

340 3407 425 3469 Tunc
445 3405 501 3468 uhi·
519 3423 567 3468 me
588 3405 663 3466 vidit
683 3405 904 3477 lacrimantem,
926 3404 1003 3465 haec
1024 3404 1119 3467 edidit
1139 3405 1204 3467 ille:

246 3517 398 3596 salunga
419 3515 570 3580 diversum
591 3513 646 3578 tibi
669 3521 787 3594 oportet
809 3531 932 3594 carpere
955 3513 1068 3588 callem,
1200 3513 1202 3520 '

298 3626 330 3688 Si
351 3627 411 3688 rita
433 3626 577 3688 ineolumi
597 3625 643 3687 vis
665 3625 743 3686 saltu
766 3643 919 3703 emergere
941 3623 977 3686 ab
999 3623 1075 3699 istm

296 3735 430 3816 Namque
452 3735 691 3809 farciminis,
715 3753 804 3815 quam
826 3742 929 3796 centra
952 3721 1088 3814 supplice
1110 3734 1233 3798 clamas.

295 3845 392 3918 Voce,
414 3845 528 3907 obsidit
547 3845 618 3920 iter,
641 3863 698 3908 uec
719 3846 782 3908 lert
799 3863 955 3925 erumpere
967 3839 1165 3925 quemquam,

298 3953 431 4035 Tamque
453 3955 505 4018 diu
526 3954 663 4029 obsistit,
678 3956 784 4037 *quoad
807 3933 922 4017 sternat
943 3973 1070 4035 corpora
1092 3953 1167 4018 leta:

246 4065 392 4146 uultque
414 4084 449 4127 ea
469 4074 594 4128 naturae
614 4064 660 4126 vis
682 4073 729 4126 est
748 4061 879 4127 violenta
900 4063 1056 4144 malignae,

297 4174 336 4237 Ut
356 4174 470 4250 rabiem
491 4175 604 4238 renuis
625 4193 777 4255 uunquam
800 4174 933 4248 satiarit,
956 4183 987 4236 at
1008 4174 1070 4240 acri

296 4285 371 4347 Post
390 4265 512 4366 pastum
531 4284 661 4364 ingluvie
683 4283 970 4366 furiosiusappetat
991 4303 1100 4348 eseam.
1134 4347 1137 4354 ,

297 4393 443 4476 Ceujugie
465 4393 516 4456 illa
538 4393 660 4475 quidem
681 4394 739 4456 silai
761 4394 851 4456 multa
874 4392 1012 4456 animalia
1031 4393 1138 4476 jungit,

297 4497 386 4566 Plura
408 4503 498 4568 etiam
516 4505 636 4586 junget,
660 4503 756 4568 denec
779 4503 862 4567 canis
885 4504 979 4568 uruat
1000 4511 1089 4585 atquc
1110 4504 1188 4569 hanc
