3236 5394
349 569 392 634 μ
789 568 984 620 insenuerunt
1001 569 1051 622 sir,

351 804 399 854 11⁰
417 789 493 867 Spes
515 787 573 849 sihi
596 805 767 867 preponens
790 787 878 860 alias,
901 805 936 852 ac
958 795 1038 850 tetus
1060 787 1092 850 in
1114 789 1184 854 illis.

454 881 518 960 'Sed
537 897 600 977 jam
621 917 710 977 carpe
733 897 810 960 riam
830 915 965 972 meeum;
983 897 1067 977 jurat
1087 899 1151 972 ire,
1173 898 1320 966 micantes

414 1009 480 1074 Jani
502 1007 617 1072 coelum
638 1008 804 1070 ascendunt
823 1007 924 1086 pisces
946 1025 1109 1087 currusque
1131 1009 1235 1073 Bcctis

416 1118 571 1196 Impendet
592 1117 687 1182 eiuro
708 1124 807 1191 tntue3
830 1127 891 1180 tum
912 1117 1010 1180 lenius
1032 1117 1095 1182 illic

416 1229 514 1290 Ardua
537 1235 715 1306 praeruptae
737 1226 893 1291 descendit
914 1227 1021 1294 semita
1040 1227 1136 1307 rupis.

912 1483 985 1570 Xll·

458 1665 511 1728 llle
532 1664 631 1737 locus¹
654 1682 713 1744 que
735 1681 790 1728 cns
812 1664 925 1744 lapsuri
947 1685 983 1728 ex
1002 1665 1137 1744 margine
1157 1665 1242 1746 ripae

415 1776 572 1848 Venimus,
595 1792 685 1854 asper
706 1777 790 1847 erat‚‘
807 1781 869 1836 tum
892 1775 928 1838 ab
952 1793 1005 1849 ec,
1028 1775 1079 1856 qui
1101 1776 1254 1840 insederat
1275 1776 1346 1850 illic,

417 1885 516 1958 Talis,
540 1893 572 1946 ut
593 1865 716 1964 aspectu
738 1883 835 1964 quiris
857 1885 1046 1950 horresceret
1067 1886 1171 1948 audam

415 1997 482 2057 Non
504 2013 591 2056 secus
614 2013 648 2058 ae
670 2013 760 2074 rupes
782 1993 833 2056 illa
855 1994 995 2058 convulsi
1017 1994 1112 2070 ruina,

383 2105 462 2168 501>
485 2123 574 2184 quam
594 2105 747 2178 Aruerni,
769 2104 844 2169 eitra
866 2105 941 2170 fines
963 2105 1070 2184 illapsa
1093 2105 1247 2178 'lercensi

415 2215 536 2296 Impulit
557 2214 588 2276 in
609 2214 701 2287 latus,
724 2222 776 2278 aut
797 2214 866 2294 qula
888 2214 916 2277 ri
938 2233 1081 2282 succussa
1102 2215 1215 2279 resedit

416 2311 508 2386 Terra
530 2297 674 2397 tremens,
697 2332 748 2388 aut
769 2324 850 2404 qued
871 2324 974 2388 deerat
995 2323 1103 2390 fultura
1125 2325 1260 2398 labanti;

416 2435 532 2497 Vertice
554 2434 634 2496 enim
656 2452 673 2496 a
695 2434 778 2496 celso
798 2434 923 2508 mentis,
947 2453 1005 2514 qua
1027 2453 1063 2498 ex
1084 2433 1170 2514 perte
1191 2434 1318 2498 recessit

416 2544 511 2617 Mota,
533 2543 570 2606 sd
591 2543 746 2623 planitiem
768 2555 869 2606 cautes
892 2543 937 2608 sic
958 2545 1037 2608 nuda
1059 2543 1183 2622 rigebat,

368 2660 400 2711 lc
417 2655 543 2717 Tantum
564 2653 695 2733 aliquam
716 2661 749 2716 ut
769 2654 854 2716 daret
875 2653 925 2716 illa
947 2653 1025 2720 riam
1045 2655 1112 2716 lcea
1134 2673 1248 2720 summa
1269 2654 1391 2718 tenenti.

458 2765 539 2826 llaec
561 2771 625 2825 erat
646 2783 682 2826 ex
702 2763 754 2828 illc
777 2763 941 2826 descensus
962 2763 1049 2844 copia
1072 2783 1152 2836 saxo,

415 2875 509 2953 lnque
532 2873 617 2954 apice
639 2873 782 2952 abruptae
803 2872 879 2952 ripai
902 2873 1024 2938 infamia
1047 2875 1165 2936 Cranen

416 2987 514 3047 Strata
536 2991 614 3056 erat,
638 2983 669 3044 in
691 2982 765 3046 salsa
787 2983 937 3061 quendam
959 2993 1103 3063 generata
1128 2985 1278 3065 juvenca:

414 3095 509 3173 Atque
531 3092 582 3154 ulii
604 3111 660 3158 nes
682 3092 770 3165 vidit,
792 3093 897 3158 rahidn
919 3113 953 3158 ee
975 3095 1063 3160 dente
1084 3094 1255 3167 momordit,

367 3209 397 3263 15
415 3203 452 3265 Ut
474 3222 549 3284 quos
570 3202 696 3269 interius
718 3203 828 3281 frangit
849 3204 932 3266 lurcr
953 3203 1110 3284 improbus
1130 3204 1202 3266 irae.

414 3314 497 3374 Hane
518 3333 602 3377 meus
624 3313 787 3379 inclamans
810 3321 914 3378 centra
936 3315 1065 3394 enphus:
1087 3315 1171 3378 Anne
1193 3301 1328 3393 petales.

415 3425 586 3486 Cucncrrnn
607 3424 666 3484 hnc
687 3423 805 3488 venisse
826 3425 949 3497 ducem,
973 3425 1022 3505 qui
1046 3425 1147 3504 stipite
1165 3443 1290 3490 ,caesum

415 3533 526 3596 Stravit
546 3534 624 3613 apud
646 3530 798 3613 superesi
820 3535 934 3597 lsthine
951 3534 1013 3614 jam
1036 3535 1200 3614 cumprime
1222 3553 1365 3612 gressum,

415 3641 533 3704 Bellua!
555 3643 790 3722 Namquehaud
811 3643 870 3707 iste
891 3651 959 3706 tune
980 3653 1140 3724 praecepta
1164 3644 1276 3706 sernris

365 3768 399 3818 20
414 3753 541 3815 Advenit
561 3754 701 3824 edoctus,
726 3753 779 3814 sed
801 3771 914 3832 poenas
937 3773 1059 3816 eernere
1080 3765 1194 3818 vestras

415 3863 485 3924 Fert
506 3862 633 3928 animus.
678 3863 796 3935 Qualis,
819 3863 937 3925 mortali
960 3864 1010 3926 uni
1032 3865 1164 3944 percitus
1185 3863 1246 3928 ictu

417 3973 456 4034 Se
479 3972 614 4052 expediet
636 3971 756 4046 sinclis,
780 3992 839 4052 que
862 3974 981 4046 evadat,
1004 3974 1114 4048 nescit,
1138 3980 1168 4036 et
1189 3973 1289 4038 isthuc

415 4082 532 4144 Emicat
553 4090 643 4162 atquc
663 4081 734 4146 illuc
755 4089 873 4146 taurus:
897 4083 944 4146 sic
963 4083 1030 4163 ipse
1050 4085 1200 4146 furentem

416 4191 481 4253 vidi
504 4191 732 4257 semihominem
752 4192 920 4258 discurrere
941 4193 1148 4258 lliucrnnsuu.

366 4315 399 4368 25
416 4302 512 4381 Atque
533 4302 563 4362 id
586 4313 619 4364 ut
640 4301 766 4364 advertit
787 4302 923 4381 sapiens:
946 4303 1064 4366 Aditum
1088 4303 1202 4382 arripe,
1226 4301 1317 4377 dixit3

416 4411 502 4472 Nunc
526 4418 570 4484 te,
594 4413 663 4472 dum
686 4411 812 4474 luriaurs
834 4412 911 4492 aluit,
934 4413 1118 4476 descendere
1140 4419 1268 4492 eportet.

460 4520 511 4582 Sic
533 4540 636 4583 sumus
657 4522 805 4599 aggressi,
829 4523 909 4601 quod
930 4521 988 4588 iter
1008 4523 1098 4586 dedat
1118 4522 1178 4586 ima
1199 4520 1315 4601 petenti
