3214 5400
588 541 767 592 nundinetur
786 543 823 592 lt.

209 761 280 823 Tela
301 761 471 823 remittebat
491 780 548 824 nos
571 771 689 837 corna,
712 769 744 822 ut
766 779 857 844 saepe
879 770 1011 825 tuentem

209 871 329 932 Luserit
349 871 513 950 inspectus.
558 871 642 932 Tunc
664 871 730 934 ille:
753 872 830 933 Hinc
852 872 941 934 dicite
964 881 1087 945 stantes,

209 981 291 1053 Quae
313 979 398 1042 vobis
422 989 468 1042 est
489 979 597 1044 mens?
619 980 675 1064 Upi
698 979 781 1043 duxi
803 981 846 1042 Nc
868 981 961 1044 muita
983 983 1109 1046 dolenda

208 1091 320 1152 Aderat
340 1089 389 1152 hic
410 1090 496 1152 robis
519 1091 682 1153 adscensus
705 1091 826 1165 demna,
850 1100 961 1153 cavete.

160 1200 501 1274 00000100000001100,
525 1219 585 1262 non
606 1201 712 1262 harum
735 1201 836 1262 nescia
858 1219 967 1274 rerum,

210 1310 318 1373 Contra
339 1310 495 1391 respondit
517 1311 653 1390 sapiens,
676 1312 765 1373 modo
789 1311 916 1373 dixerat:
939 1311 1012 1373 Illuc

208 1419 364 1494 Scanditc,
386 1421 438 1482 uhi
459 1428 546 1500 porta
568 1429 624 1482 est.
668 1421 706 1482 dt
726 1423 823 1482 fauste
844 1421 951 1498 diriget
972 1421 1022 1482 illa

209 1529 259 1590 Sic
280 1529 365 1590 vohis
388 1547 510 1608 gressus
519 1520 531 1604 ,’
549 1538 654 1610 pacato
672 1531 786 1611 janitor
808 1548 860 1591 ore

207 1638 339 1700 Addidit.
383 1638 459 1701 Ante
482 1640 590 1719 gradem
614 1659 684 1719 ergo
706 1640 860 1720 procedite
882 1649 1014 1702 nostros.

159 1755 191 1808 00
249 1748 392 1811 Venimus
413 1749 487 1823 huc,
510 1750 684 1830 primusque
707 1750 817 1828 gradus
840 1749 876 1811 de
898 1767 1046 1814 marmore
1069 1768 1143 1812 cono

208 1859 341 1939 Tamque
363 1858 476 1939 politus
500 1868 564 1921 erat
585 1868 752 1940 tensusque,
776 1869 819 1933 ut,
843 1860 940 1938 qualis
963 1860 1061 1938 imago

208 1969 427 2049 conspicienda
448 1987 513 2032 mea
537 1977 595 2043 est,
620 1969 695 2031 mihi
718 1978 779 2032 tota
800 1970 924 2048 legenda
947 1977 1072 2048 pateret,

208 2079 270 2141 Ceu
294 2087 396 2140 contra
419 2081 584 2159 specuium.
630 2079 720 2141 Color
742 2079 821 2141 inter
841 2085 1000 2158 utrumque
1023 2079 1166 2151 secundo,

206 2189 245 2276 Et
265 2188 402 2262 rubrum,
426 2199 456 2250 et
477 2190 594 2253 fuscum
615 2189 701 2250 tusco
724 2196 895 2270 superante.
939 2187 1084 2268 Lepidus,
1137 2191 1165 2239 0

158 2299 190 2354 00
206 2297 291 2360 Unde
314 2299 423 2382 gradus
446 2305 579 2373 constat,
603 2299 761 2361 scaberet
782 2298 960 2371 semiustus,
982 2297 1095 2377 uhirpre

206 2407 328 2483 Fissns3
351 2416 382 2469 at
402 2407 528 2470 inferius
549 2409 659 2488 positis
682 2410 732 2489 qni
755 2408 861 2470 tertius
882 2408 987 2469 haeret

206 2518 354 2580 Insistens
377 2517 531 2597 gradibus,
555 2519 707 2582 referebat
728 2518 764 2580 ab
787 2519 855 2596 igne
877 2516 1023 2580 nitentem

206 2628 437 2708 Porphyridem,
460 2627 552 2690 veluti
572 2628 657 2690 vonis
681 2639 818 2708 spectare
840 2627 1000 2689 micantem

206 2737 410 2814 Sanguineum
432 2745 479 2799 est
499 2738 603 2800 rivum.
648 2739 746 2818 Super
767 2739 858 2800 istum
880 2737 978 2799 stabat
999 2736 1135 2818 utrisque

142 2857 189 2910 100
206 2847 353 2910 Coelestis
375 2861 477 2909 custos
499 2849 643 2928 pedihus,
666 2867 762 2929 prope
784 2849 886 2909 limina
909 2849 1021 2920 sidens,

207 2957 291 3030 Quae
314 2957 412 3019 solido
436 2977 470 3018 ex
492 2959 649 3020 adamante
671 2957 745 3019 mihi
766 2967 837 3020 sunt
858 2958 971 3036 fulgere
995 2958 1069 3018 visa.

248 3067 310 3130 Per
329 3075 392 3128 tres
414 3075 523 3146 sponte
545 3068 654 3146 gradus
677 3087 726 3130 mc
748 3067 854 3129 ductor
875 3069 977 3140 traxit,
1001 3075 1030 3128 et
1051 3067 1165 3146 inquit:
1218 3092 1221 3108 =

207 3178 254 3239 Tu
276 3153 333 3248 tac,
357 3177 488 3238 demisse
509 3178 591 3238 hunc
613 3196 697 3251 cres,
719 3185 753 3238 ut
775 3177 855 3239 clave
877 3175 1012 3237 recludat

206 3287 338 3349 Portam.
382 3287 428 3347 Me
451 3297 572 3348 sanctos
595 3286 726 3359 advolvi,
748 3285 863 3366 poplite
885 3286 972 3358 dexo,

142 3403 188 3458 100
204 3397 282 3458 Ante
304 3395 398 3476 pedes
420 3397 489 3478 pins
513 3415 547 3458 ac
571 3396 646 3458 dixi:
668 3395 825 3469 Miserere,
849 3395 988 3474 foresque

204 3505 351 3580 Pandito;
376 3513 479 3586 terque
500 3506 585 3586 prins
606 3503 707 3585 planxi
730 3505 802 3566 mihi
825 3516 947 3583 pectora
967 3502 1086 3583 palmis.

204 3617 232 3679 P
251 3616 325 3677 milri
348 3625 491 3696 septenos
514 3616 674 3697 descripsit
697 3613 822 3693 cuspide
845 3614 917 3676 ferri
996 3646 998 3651 ·

205 3727 240 3788 ln
263 3727 363 3787 fronte
385 3733 430 3788 et:
453 3727 513 3789 Fac
534 3727 591 3788 ista
614 3726 694 3787 laves
715 3725 770 3787 tibi
790 3725 928 3796 vulnera,
951 3721 1003 3782 ubi
1026 3721 1106 3784 intus

204 3837 275 3916 lpse
298 3836 413 3909 aderis,
436 3836 518 3903 dixit.
563 3836 645 3898 Ciuis
669 3837 852 3898 exsiccatave
874 3840 963 3905 terra,

140 3951 187 4004 110
204 3947 299 4008 Fossa
320 3947 424 4020 modo,
446 3945 510 4008 visa
532 3953 579 4007 cst
598 3945 690 4008 vestis
713 3945 854 4007 simulare
876 3942 1016 4016 colorem,

204 4057 247 4118 Ex
269 4075 328 4136 qua
349 4063 413 4118 tum
435 4055 568 4134 geminas
592 4055 732 4119 coelestis
754 4053 879 4136 protulit
899 4050 962 4114 ales

205 4166 317 4229 Claves.
359 4167 403 4228 Ex
424 4183 496 4228 auro
519 4165 575 4226 tuit
596 4163 701 4240 010000,
724 4165 867 4227 etaltera
888 4180 964 4243 puro

203 4275 335 4354 Argento
359 4276 487 4354 fulgens.
530 4274 820 4355 ildephonsus,
844 4281 874 4334 et
896 4273 962 4334 exin

203 4385 290 4448 Flava
314 4387 358 4447 sic
380 4386 478 4463 tetigit
498 4393 631 4464 portam,
654 4393 687 4446 ut
709 4385 783 4446 sotis
805 4388 887 4444 esset
907 4381 1004 4443 aventi

138 4497 287 4558 uolutus
311 4496 390 4558 ferre
412 4495 531 4575 pedem.
579 4494 705 4567 Quoties
729 4513 765 4556 ex
788 4491 921 4556 claribus
947 4491 1021 4553 istis
