3214 5400
339 489 396 554 [74
795 491 975 544 poenitenti
995 493 1021 543 Χ.

399 710 618 790 Transgressus
639 711 765 792 propius
785 712 871 786 veui,
893 723 927 774 ut
948 711 1043 789 magis
1065 719 1134 792 apta
1154 712 1249 774 tuenti

398 824 495 886 Esset.
538 821 576 884 Et
596 822 646 884 bic
669 820 766 884 stabat
786 841 857 884 saxo
879 821 992 885 celatus
1015 822 1046 883 in
1068 823 1144 901 ipso,

399 932 473 994 Cum
494 931 591 993 bobus
613 939 743 994 sanctam
767 931 818 1012 qui
840 949 945 993 curms
967 939 1086 994 vexerat
1107 950 1216 1004 arcam,

398 1043 457 1104 Per
480 1059 568 1121 quam
589 1040 667 1103 baud
691 1041 883 1102 commissum
904 1041 1014 1120 refugit
1033 1041 1079 1103 vir
1100 1049 1221 1120 tangere
1242 1060 1361 1104 moinus.

348 1159 382 1214 55
399 1152 499 1214 Turba
519 1150 674 1214 videbatur
694 1153 876 1230 praecedere
897 1157 957 1212 tota
978 1150 1122 1229 gradique

398 1264 433 1326 ln
455 1270 570 1343 septem
590 1261 698 1341 partita
720 1260 845 1331 choros,
868 1259 1035 1340 dubiosque
1057 1260 1177 1322 tenebat

399 1374 514 1436 Sensus
535 1372 576 1434 mi
597 1370 702 1444 binos,
725 1387 852 1450 quorum
873 1388 950 1430 unus
973 1371 1097 1434 lundene
1119 1370 1155 1432 ab
1179 1387 1230 1431 ore

398 1482 481 1545 llanc
502 1480 599 1544 melos
620 1479 732 1561 ajebat,
755 1477 867 1540 nullam
889 1479 963 1542 alter
984 1478 1102 1542 mittere
1121 1497 1235 1540 vocem.

398 1593 510 1654 Fumus
533 1592 603 1653 item
625 1589 701 1652 turis
720 1589 789 1650 ficta
813 1588 868 1652 sub
890 1590 1019 1666 imagine
1040 1608 1128 1652 nares

347 1713 380 1766 55
397 1705 493 1782 Atque
516 1701 630 1774 oculos,
654 1717 776 1762 sensum
796 1699 954 1762 discordes
977 1699 1054 1761 inter
1075 1708 1243 1778 utrumque,

397 1813 521 1874 Fecerat
541 1809 706 1887 ambiguos.
751 1809 874 1872 Sacrum
897 1828 947 1872 vas
968 1810 1034 1890 ipse
1056 1808 1190 1888 praeibat

397 1922 516 1984 Vultum
538 1921 673 2002 dejectus
694 1919 795 1992 Dicin,
818 1919 943 1999 pulsans
965 1920 1042 1999 pede
1064 1927 1173 1980 terram

398 2030 520 2094 Sublato
543 2031 573 2092 in
596 2048 761 2102 numerum,
784 2037 814 2091 et
834 2029 933 2090 minus
955 2036 985 2090 et
1005 2029 1074 2108 plus
1096 2037 1230 2108 tempore
1252 2028 1283 2090 in
1307 2028 1357 2089 illo

399 2141 493 2215 Quam
515 2159 568 2203 rex
587 2139 637 2202 bic
659 2139 765 2203 luerat.
810 2139 919 2202 Contra
941 2147 987 2200 est
1009 2138 1157 2218 descripta
1178 2137 1268 2217 palati

346 2250 421 2312 toll
444 2249 565 2330 specula
587 2249 715 2326 ingentis
736 2249 857 2310 blicani
879 2248 992 2322 mirata,
1016 2248 1162 2327 superbae

397 2361 547 2422 Matronae
570 2359 651 2439 quod
672 2377 763 2439 saepe
785 2360 892 2432 solent,
915 2375 968 2420 cor
989 2358 1074 2420 triste
1086 2365 1245 2434 gerentes.

439 2469 522 2542 lude,
546 2468 596 2532 ubi
619 2468 820 2540 constiteram,
844 2467 970 2541 excessi,
993 2484 1062 2529 cum
1083 2484 1206 2529 cernere
1228 2485 1347 2530 averem

396 2579 557 2642 Historiam
578 2578 628 2640 bic
649 2578 737 2640 aliam
758 2577 893 2656 propius,
918 2595 1007 2656 quam
1028 2577 1127 2639 albere
1148 2577 1286 2638 videbam

398 2689 565 2769 Sepositam
587 2707 604 2749 a
626 2695 709 2765 tergo
731 2687 862 2748 blicncc.
907 2688 962 2749 llic
983 2686 1077 2763 gloria
1099 2705 1214 2748 summa

307 2822 314 2834 ·
346 2806 379 2860 65
397 2801 461 2862 Stat
482 2797 632 2876 descripta
653 2797 738 2858 ducis
758 2797 893 2870 Romani,
915 2797 1043 2858 maxima
1064 2796 1148 2877 cujus

396 2910 495 2971 Virtus
517 2918 547 2970 te
568 2906 667 2968 allexit
688 2922 794 2982 magna
816 2923 883 2970 cum
905 2907 1002 2978 laude,
1026 2903 1171 2980 Gnsconr,

396 3017 512 3081 Tartari
533 3025 567 3078 ut
588 3035 624 3078 ex
644 3015 723 3078 victa
743 3023 863 3096 peteres
886 3017 944 3078 sibi
965 3017 1031 3094 lege
1052 3016 1243 3097 triumphum.

369 3140 371 3146 ’
395 3127 640 3208 lnduperatorem
662 3126 818 3188 Tubusuctu
839 3126 898 3188 boc
919 3127 1040 3189 nomine
1062 3126 1139 3199 dico,

396 3237 450 3300 Cui
474 3236 618 3315 quaedam
640 3252 803 3298 occurrens
824 3237 931 3298 mulier
952 3237 1068 3298 viduata
1091 3237 1196 3298 marito

344 3362 378 3414 tc
394 3347 491 3408 Frena
512 3364 602 3407 manu
623 3345 769 3408 retinebat
790 3345 870 3433 equi,
893 3365 988 3425 osque
1010 3346 1204 3426 habitumque
1225 3347 1348 3424 gerebat

394 3456 515 3518 Effusae
536 3455 566 3516 in
589 3454 735 3529 lacrimas,
757 3463 982 3534 externataeque
1005 3456 1109 3518 dolore

394 3566 481 3628 Hunc
503 3565 582 3626 acies
605 3564 738 3644 equitum
761 3572 838 3626 stant
860 3565 982 3639 circum,
1005 3585 1137 3645 auroque
1159 3566 1289 3629 nitentes

394 3676 529 3738 Vidisses
551 3675 667 3754 aquilas
689 3683 720 3738 et
740 3675 821 3736 venti
842 3675 961 3738 flamine
982 3684 1089 3737 motas.

394 3786 455 3848 Has
477 3785 556 3850 inter
576 3784 721 3864 permixta
743 3785 833 3859 acies,
857 3784 901 3848 sic
923 3804 975 3846 ore
996 3785 1111 3848 misella

345 3906 377 3960 75
394 3896 464 3957 Visa
484 3894 567 3974 loqui
589 3902 650 3956 est:
673 3894 828 3974 Princeps,
850 3895 924 3959 mibi
947 3913 1067 3958 caesum
1088 3896 1235 3957 ulciscere
1256 3903 1367 3970 natum,

396 4005 492 4078 Quem
514 4004 601 4066 doleo
624 4003 777 4066 amissum.
820 4005 885 4068 Dux
906 4006 1105 4084 respondere:
1128 4005 1254 4079 Mansio,

395 4115 471 4176 llum
492 4115 620 4177 reditum
640 4114 700 4176 buc
721 4116 858 4208 reseram.
902 4115 1011 4176 Verum
1032 4115 1091 4188 illa,
1115 4113 1220 4176 dolore
1241 4123 1393 4194 premente

396 4224 569 4297 Sollicitam,
587 4225 686 4305 justas
709 4243 795 4303 mam
818 4225 948 4304 primum
968 4243 1095 4304 poscere
1117 4244 1244 4305 poenas:

397 4333 484 4406 Quid,
507 4333 533 4394 si
556 4353 615 4395 non
637 4330 774 4396 reseras?
794 4334 891 4413 Atque
913 4335 958 4396 is:
982 4334 1040 4407 Qui
1063 4335 1134 4396 sede
1157 4333 1274 4398 sedebit

344 4455 378 4509 80
394 4443 511 4516 Nostra,
535 4443 600 4523 ipse
623 4444 769 4524 expediet.
816 4445 895 4518 Quid
916 4453 947 4508 te
967 4444 1123 4508 benefacta
1141 4443 1287 4525 juvabunt
