3282 5404
368 471 429 534 378
801 475 935 526 ramniu
953 476 1051 526 aaron.

430 690 507 754 illud
528 691 579 756 ubi
602 693 727 774 expletis
748 693 898 756 constabit
918 694 1052 775 partibus
1073 713 1180 776 aeque.

431 803 497 865 Hoc
518 803 609 882 igitur
630 821 742 866 nonum
763 803 889 878 coelum,
912 805 993 884 quod
1015 805 1141 886 corripit
1162 824 1251 868 omne

380 912 859 1004 commurmurantes,
881 925 970 993 quem
991 913 1137 994 plurimus
1159 915 1229 994 igne

430 1023 521 1087 Ardet
543 1041 636 1096 arnor,
659 1041 715 1086 nec
736 1041 797 1084 non
818 1023 914 1103 major
936 1024 1084 1105 sapientia
1102 1025 1190 1088 ditat

432 1134 519 1208 Quod
541 1133 567 1196 si
589 1134 705 1196 virtutis
726 1149 897 1196 mensuram
918 1135 1071 1197 attendere
1091 1135 1195 1210 moris,

432 1245 528 1318 Quam
549 1243 680 1324 speeiem
702 1261 811 1316 rerum,
835 1261 910 1323 qnae
932 1252 1077 1324 apparent
1097 1244 1177 1308 mole
1198 1245 1360 1322 rotundam

431 1353 525 1416 Obvia
547 1362 700 1416 succurret
721 1352 775 1416 tibi
796 1351 1002 1416 convenientia
1022 1353 1106 1428 mira,

380 1475 414 1530 7⁰
431 1463 463 1526 si
485 1482 571 1527 mena
592 1463 663 1526 huic
684 1461 790 1545 major,
813 1462 839 1524 si
861 1461 930 1524 huie
951 1462 1088 1539 maxima,
1111 1463 1139 1526 si
1159 1463 1209 1526 illa
1229 1463 1346 1526 minora
1388 1441 1393 1449 ⁸

429 1575 553 1648 Virtute,
575 1574 651 1636 haec
671 1572 793 1636 minima
814 1583 869 1646 est,
891 1572 942 1634 ubi
964 1572 1080 1651 singula
1102 1572 1228 1653 sphaera
1250 1581 1378 1636 notetur.

471 1686 518 1758 Ut,
542 1684 568 1746 si
590 1683 666 1746 torte
689 1700 764 1762 gena
783 1681 905 1756 Boreas,
930 1701 1005 1762 qnae
1027 1683 1124 1746 lenius
1144 1683 1231 1758 halal,

429 1795 539 1875 Spiret,
562 1811 636 1874 pura
656 1792 732 1855 nitet
752 1791 834 1856 vultu
855 1791 961 1854 laetata
982 1811 1089 1856 sereno

428 1907 571 1967 Auroram
594 1903 689 1981 ragio,
712 1903 791 1983 quia,
814 1921 891 1982 qnae
912 1901 1080 1966 turbaverat
1101 1910 1179 1974 ante,

378 2014 546 2080 rescindit
567 2032 601 2076 ae
623 2013 728 2087 nubea,
751 2020 780 2076 et
801 2011 832 2074 iu
854 2013 974 2076 aethere
995 2020 1102 2094 purgat
1123 2019 1267 2094 apertum,

430 2126 512 2188 Unde
535 2143 589 2188 suo
611 2123 712 2186 rident
732 2121 871 2186 sublimia
891 2123 1002 2202 templa
1024 2123 1150 2185 doecre.

429 2236 480 2300 Sic
502 2251 567 2312 ego,
590 2232 641 2296 uhi
663 2252 729 2296 mea
750 2250 898 2312 responso
921 2248 1095 2296 succurrere
1118 2231 1199 2294 claro

429 2347 492 2408 Dux
510 2343 585 2408 milri
604 2361 666 2406 non
687 2343 796 2417 renuit,
817 2359 979 2421 rerumque
1001 2357 1057 2420 eqo
1080 2360 1203 2406 cernere
1223 2341 1304 2420 quiri

430 2456 492 2519 Ceu
514 2453 630 2516 stellam
651 2453 683 2516 in
705 2453 800 2516 coelo.
842 2453 1005 2532 Postquam
1027 2459 1193 2514 cessaverat
1214 2451 1275 2523 ilia,

378 2577 412 2631 80
428 2567 495 2628 Non
517 2581 605 2627 secus
627 2582 662 2626 ao
682 2563 780 2625 vibrat
801 2563 922 2636 serrum,
946 2561 1026 2642 quod
1047 2562 1141 2624 terret
1161 2560 1198 2624 ab
1219 2561 1297 2640 igne,

429 2674 514 2736 Tunc
535 2689 640 2734 omnes
661 2673 774 2752 pariter
794 2671 878 2734 circli
901 2671 1028 2736 emisere
1049 2670 1174 2734 favillas.

429 2783 570 2864 Quaeque
593 2782 773 2862 sequebatur
795 2781 925 2844 scintilla
944 2781 1084 2844 incendia
1107 2799 1220 2855 eorum,

428 2893 545 2972 Totque
566 2892 694 2965 inerant,
714 2899 757 2965 nt,
779 2890 807 2953 si
828 2909 952 2953 numero
975 2891 1054 2971 quod
1076 2891 1195 2971 duplice
1217 2899 1335 2954 consul

428 3001 586 3082 Sexaginta
607 3001 661 3064 tibi
680 3001 795 3064 vicibus
817 3000 1025 3081 duplicaveris,
1047 3001 1116 3062 inde

377 3120 411 3174 85
427 3114 493 3175 Non
515 3112 702 3174 millenarum
725 3119 887 3188 exsurgent
907 3119 952 3172 tot
972 3110 1066 3175 millia
1087 3110 1173 3173 dena.

426 3223 582 3295 Horonon,
606 3215 761 3286 lornano!
782 3221 871 3284 simui
892 3239 997 3284 omnes
1018 3239 1092 3282 roco
1112 3220 1261 3300 frequenti

427 3334 591 3395 Insonuere
613 3332 698 3393 chori
721 3331 832 3392 circum
855 3349 918 3392 nou
939 3329 1049 3394 mobile
1071 3336 1224 3410 puuctum,

428 3441 517 3516 Quod
538 3441 638 3504 stabili
660 3440 708 3504 his
731 3441 854 3504 dederat
875 3459 1026 3520 nunquam
1049 3441 1192 3502 secedere
1212 3439 1295 3515 nido,

425 3552 646 3632 Aeternumque
667 3551 753 3632 ipsos
773 3550 923 3624 retinebit,
944 3549 996 3612 nbi
1017 3567 1112 3628 nsque
1133 3549 1234 3632 ipere3

376 3679 410 3731 so
426 3667 481 3726 nst
501 3682 545 3737 ea,
570 3681 646 3742 quae
667 3661 749 3736 vidit,
772 3661 861 3723 dubia
885 3660 956 3740 quid
976 3669 1077 3722 mente
1099 3675 1264 3722 moverem:

425 3773 513 3847 Ecce,
536 3771 641 3852 inquit,
664 3773 778 3852 primae
800 3774 953 3835 Senarnua
976 3769 1191 3849 taneramque
1213 3787 1350 3843 coronae,

427 3883 655 3961 Ostendunlqne
676 3881 742 3954 tibi,
764 3888 873 3960 quanto
896 3899 949 3944 sua
970 3879 1081 3942 vimina
1104 3897 1192 3942 cursu

427 3994 593 4065 Sectentur,
616 3990 741 4071 cupidae
762 3998 874 4070 puncto
896 3985 1090 4054 assimilarier
1111 3989 1164 4063 illi,

427 4102 493 4176 Qua
514 4109 652 4182 possunt,
672 4109 869 4182 possuntque,
890 4107 980 4180 prout
1001 4099 1052 4180 qui
1075 4097 1218 4162 altissima
1240 4107 1395 4180 spectantq

375 4213 409 4264 95
428 4213 546 4292 Quique
568 4211 637 4274 iilos
659 4212 710 4274 alii
731 4211 845 4273 circum
865 4217 1018 4272 renuatur
1039 4227 1166 4284 amores,

425 4322 501 4384 Esse
523 4321 667 4384 Turonos
688 4323 774 4397 seito,
795 4321 895 4384 (lirina
915 4319 948 4382 in
967 4319 1096 4399 imagine
1117 4337 1237 4400 semper

425 4432 598 4506 Haerentes,
620 4451 676 4514 per
697 4451 773 4512 qnos
794 4429 897 4494 linitur
917 4429 956 4494 de
977 4430 1073 4494 uibus
1093 4448 1172 4494 unna
