3282 5404
540 573 545 582 .
622 530 757 582 Panautst
776 532 853 582 xxiv.

206 749 318 815 dlluic
339 747 418 821 data,
441 746 520 826 quod
542 753 640 810 vestra
662 748 739 810 cadit
759 767 794 810 ex
815 769 928 825 measa,
951 760 1017 814 ante
1040 753 1100 816 diei

240 858 350 922 Horam
372 864 553 937 postremam
577 875 664 936 quam
686 858 745 937 ipsi
766 859 994 939 praescripserit
1015 869 1113 938 aetas3

241 969 306 1030 Stet
326 967 424 1046 posita
446 974 513 1027 ante
536 965 639 1028 ocuos
660 966 745 1030 vobis
767 969 912 1032 immensa
934 970 1042 1051 cupido

240 1077 348 1157 Ipsius,
371 1092 407 1136 ac
427 1073 549 1155 paulum
569 1083 669 1138 rostro
691 1077 772 1138 bunc
793 1079 960 1158 adspergite
981 1099 1060 1143 rore.

240 1187 315 1248 Nam
338 1186 415 1258 lons,
437 1185 517 1248 unde
539 1185 642 1259 lluunt,
667 1187 753 1248 tacite
776 1205 851 1266 quae
874 1189 983 1267 cogitat
1002 1191 1092 1265 intus,

191 1314 223 1366 lu
239 1294 330 1358 Vobis
351 1313 447 1375 usque
468 1302 557 1374 patet
601 1294 651 1356 Sic
673 1303 719 1356 est
739 1297 825 1362 allata
846 1297 987 1366 aaaron.

282 1405 357 1466 'lum
378 1423 448 1466 vero
470 1404 537 1467 illae
559 1403 674 1466 animae
695 1403 789 1468 laetae
811 1426 844 1470 se
865 1415 979 1470 vertere
999 1409 1029 1470 in
1052 1410 1142 1474 orbes

238 1510 439 1596 sphaerarum
461 1533 529 1575 sese
551 1514 673 1588 circum,
696 1521 791 1578 sonte
812 1535 873 1590 axe,
896 1526 1054 1592 nutantum,

237 1625 320 1686 More
342 1635 524 1686 cometarum
545 1625 738 1686 flammantes.
781 1625 876 1705 thue
897 1626 998 1690 videre
1020 1637 1067 1692 est

237 1734 338 1814 Usque
359 1733 390 1794 in
412 1733 588 1795 machinalis
610 1733 708 1813 lapsas
731 1735 956 1815 strepitantibus
976 1737 1066 1800 boras

190 1849 221 1904 lt
237 1845 289 1906 Sic
309 1843 387 1906 volvi
409 1841 524 1914 circlos,
548 1843 575 1902 si
596 1843 739 1916 advertas,
762 1851 794 1909 ut
814 1846 898 1924 prior
918 1865 996 1909 unus

237 1954 284 2016 Sit
305 1952 412 2016 similis
435 1951 531 2035 santi,
555 1959 761 2032 extremusque
784 1953 881 2018 volare
903 1964 1036 2035 putetur;

236 2063 377 2128 Siciliae
399 2062 525 2124 choreae
547 2061 721 2141 plaudentes
743 2061 862 2143 dispare
883 2072 984 2140 motu3

235 2174 328 2236 Prout
349 2171 469 2251 rapidae
491 2178 541 2234 aut
559 2171 669 2246 tenue,
691 2171 834 2252 cujusque
856 2175 1023 2252 expendere
1046 2196 1135 2257 opum
1156 2181 1215 2242 uim

235 2283 323 2344 Visus
345 2282 493 2344 edocuere
514 2299 608 2342 meos.
652 2281 734 2353 Quae
756 2289 802 2344 est
822 2283 884 2346 visa
905 2286 1001 2347 notari

186 2405 220 2458 tt
235 2393 358 2472 Dignior
379 2391 526 2470 egregiam
547 2389 586 2452 ob
609 2389 750 2472 speciem,
774 2391 933 2470 splendore
954 2396 1070 2460 refulsit

234 2502 328 2565 Felici
348 2519 445 2580 usque
466 2499 550 2574 adeo,
572 2506 606 2564 ut
627 2498 740 2562 nullum
761 2517 846 2578 mage
867 2502 980 2582 lulgere
1002 2505 1101 2570 lumen

233 2611 354 2686 Ferret3
376 2617 481 2690 terque
501 2609 674 2672 Daarnrorrr
698 2610 808 2672 circum
830 2611 898 2690 igne
919 2614 1026 2690 voluta,

233 2720 323 2784 Fudit
344 2722 380 2784 ab
402 2737 455 2782 ore
475 2719 571 2784 melos
592 2727 651 2782 tam
673 2719 782 2794 dirum,
805 2729 838 2784 ut
857 2722 952 2786 vivida
974 2727 1085 2788 mentis

234 2830 286 2893 Vis
306 2829 379 2892 mibi
400 2848 461 2891 non
482 2836 612 2892 reuocet.
657 2828 757 2903 Quare
778 2829 838 2894 boc
859 2851 925 2894 mea
946 2832 1044 2899 littera
1065 2836 1142 2903 saltu

185 2946 218 3002 25
232 2934 387 3014 Praeterit,
409 2957 445 3000 ac
465 2939 549 3001 mitto
572 2938 759 3014 describere3
782 2960 909 3022 namquo
931 2943 1055 3008 facultas

233 3049 389 3125 Quaelibet
409 3048 530 3128 ingenii,
552 3048 663 3111 nedum
684 3048 747 3111 oris
769 3049 855 3128 copia
877 3053 981 3126 nostri,

233 3161 307 3224 Cum
328 3159 428 3222 studet
447 3160 504 3221 bos
525 3157 654 3220 similare
676 3158 769 3231 sinus,
790 3166 890 3220 utetur
909 3160 1009 3240 inepte

231 3271 332 3333 Vivaci
354 3270 433 3332 fuco.
453 3301 496 3316 -
516 3267 601 3330 Alma
622 3285 717 3342 soror,
740 3283 815 3348 quae
837 3268 972 3348 supplice
994 3289 1067 3334 voce

231 3382 283 3444 Sic
302 3381 352 3462 pia
375 3387 436 3441 stas
457 3397 557 3440 coram
579 3378 725 3440 flammata
747 3381 873 3441 exercita
895 3396 974 3453 cura,

184 3505 216 3560 so
231 3491 278 3552 Tu
300 3491 445 3570 sphaerae
467 3488 547 3550 illius
569 3487 710 3568 pulchrae
732 3487 805 3550 mibi
826 3488 942 3552 uincula
966 3488 1068 3555 solvis.
1137 3561 1139 3564 ¹

271 3600 384 3663 Deinde
406 3618 492 3662 sacer
513 3615 636 3660 cessans
658 3597 737 3676 ignis
759 3615 813 3660 sna
834 3599 951 3662 llamina
973 3600 1060 3663 vertit

230 3710 264 3772 ln
285 3711 449 3783 Dominam,
471 3709 546 3770 baec
566 3715 636 3788 post
656 3707 742 3781 dicta,
765 3727 877 3784 meam3
899 3717 929 3772 et
948 3709 1009 3790 jam
1030 3710 1138 3774 talibus
1160 3711 1240 3773 inlit:

229 3820 326 3899 Magni
348 3839 366 3882 o
387 3819 437 3882 lux
458 3827 576 3882 aeterna
598 3817 667 3890 Viri,
691 3817 738 3879 cui
758 3817 876 3879 tradere
898 3817 995 3882 claves

228 3931 283 3993 Est
302 3937 406 3993 nostro
426 3928 523 3990 visum
543 3926 680 3999 Domino,
703 3944 777 4006 quas
799 3926 904 3990 detulit
926 3927 986 3989 alto

181 4049 213 4105 ³5
228 4041 272 4102 Ex
293 4041 381 4119 gaudi
401 4053 494 4114 regno
516 4036 593 4106 miri,
615 4035 694 4100 baud
715 4044 828 4098 tentare
850 4055 956 4102 recusa

228 4150 320 4213 lstum
343 4147 518 4210 doloribus
539 4146 745 4226 gravibusque,
768 4153 799 4208 ut
820 4147 911 4209 corde
932 4148 1041 4227 cupido

227 4259 296 4322 Fert
317 4257 456 4336 rogitare,
477 4265 545 4320 tuae
566 4255 637 4318 lidei
658 4275 733 4337 quae
755 4257 891 4338 dogmata
911 4266 1047 4337 poscunt,

175 4451 179 4462 Ι
226 4369 285 4432 Per
306 4387 393 4449 qum
415 4375 446 4430 tu
468 4365 626 4430 incolumis
649 4383 740 4446 super
760 4367 856 4428 undas
878 4367 1019 4446 aequoris
1040 4367 1115 4432 ibas.

226 4480 270 4541 ln
291 4477 368 4541 bene
391 4486 477 4552 amet,
500 4484 639 4558 speratae
659 4474 746 4552 bene,
769 4482 800 4540 et
820 4475 897 4540 bene
919 4478 1030 4553 credat,
1052 4487 1186 4560 apertum
