3236 5394
637 537 830 588 lNFllllNOllllll
848 539 873 588 Χ.

268 757 335 818 Non
357 752 427 818 est?
449 755 495 817 Illi
518 755 621 818 oculos
643 775 703 818 non
725 757 778 818 icit
799 757 924 819 amabile
946 754 1068 820 lumea?

268 866 412 930 Nonnihil
434 874 467 928 nt
488 865 583 926 sensit
605 885 651 926 me
672 866 856 944 respondere
877 873 1032 940 moratum,

219 991 253 1042 6⁰
269 977 388 1040 Recidit
407 976 558 1048 inversus,
581 994 636 1038 nec
657 975 782 1053 protulit
803 975 930 1056 amplius
953 995 1014 1038 ora.

312 1090 349 1149 m
370 1105 440 1150 vero
463 1085 513 1146 ille
536 1085 610 1147 alter
631 1085 809 1165 spectandus
831 1096 953 1165 pectore
976 1087 1066 1160 celso,

270 1199 328 1278 Pro
351 1216 409 1277 quo
433 1195 641 1267 constiteram,
664 1193 775 1256 vultam
797 1195 874 1257 baud
898 1203 1030 1268 mutare,
1054 1213 1110 1258 nec
1132 1197 1225 1258 hilum

271 1307 422 1369 Cervicem
443 1305 619 1368 indomitam
641 1315 755 1366 motare
778 1311 829 1368 ant
849 1305 969 1366 flectere
992 1323 1111 1384 corpus.

269 1415 401 1480 Simalo
424 1415 468 1492 (in
490 1414 609 1493 incepto
632 1418 783 1493 perstans)
806 1413 948 1476 didicisse
970 1416 1106 1476 teruntur

219 1527 353 1588 cellano
374 1535 468 1587 artem
490 1523 601 1595 nostri,
625 1523 655 1586 id
676 1541 747 1584 vero
769 1541 816 1584 me
838 1523 955 1586 saevius
976 1524 1037 1586 urit

271 1637 366 1710 Quam
388 1653 473 1696 meus
494 1634 545 1694 bic
565 1633 677 1706 lectus,
700 1633 753 1695 sed
776 1633 989 1714 quinquaginta
1010 1651 1178 1713 regressam

268 1745 353 1807 Iland
375 1744 476 1806 videas
498 1743 612 1804 vicibus
634 1742 784 1805 dominam
805 1743 871 1804 loca
893 1751 995 1805 nostra
1016 1752 1177 1823 regentem,

270 1855 322 1918 llle
344 1853 456 1934 inquit,
479 1871 547 1915 curn
569 1871 625 1933 per
645 1860 676 1913 te
699 1851 798 1914 disces
820 1852 886 1932 ipse
908 1851 1050 1926 vicissim,

271 1965 366 2037 Quam
389 1963 487 2042 gravis
509 1981 557 2024 ars
580 1981 615 2024 ea
637 1962 685 2023 sit.
731 1963 861 2041 Superas
884 1962 1003 2042 elapsus
1025 1963 1056 2024 in
1079 1983 1148 2026 oras

220 2082 253 2133 ⁷⁰
270 2074 322 2136 Sic
344 2073 411 2135 aliis
433 2081 585 2154 praestare
608 2090 715 2154 queas,
738 2073 775 2134 da
798 2089 923 2132 noscere
946 2089 1091 2146 caussam,

270 2185 330 2246 Cur
351 2183 382 2244 in
405 2201 521 2264 quaque
543 2201 597 2244 sua
619 2182 659 2242 sit
681 2199 754 2259 gens
777 2180 826 2243 illa
849 2180 939 2261 impia
961 2181 1026 2259 lege

270 2294 322 2355 Sic
342 2293 464 2355 nostris.
486 2325 528 2336 —
550 2293 612 2370 Ego
636 2291 673 2353 ad
696 2291 784 2352 baec:
808 2291 930 2368 Strages
951 2299 981 2350 et
1002 2309 1109 2370 magna
1130 2293 1225 2367 ruina,

270 2399 362 2466 Anaia
384 2421 472 2483 quam
492 2402 584 2464 volvit
604 2401 694 2463 rubro
717 2407 846 2462 saturata
869 2401 979 2473 colore,

270 2513 330 2576 llas
351 2531 494 2576 resonare
515 2529 622 2592 preces
644 2517 778 2571 nostrum
798 2509 884 2590 jubet
904 2510 1036 2590 undique
1057 2512 1209 2592 templum.

220 2625 358 2705 mleque
380 2622 432 2684 nbi
454 2621 605 2702 quassavit
626 2627 729 2700 eaput,
753 2619 813 2681 imo
834 2627 955 2699 pectore
978 2621 1091 2682 ducens
1258 2603 1261 2614 ¹

271 2733 455 2812 singultum,
478 2731 566 2792 dixit:
590 2731 650 2792 Sed
672 2747 732 2792 non
755 2747 810 2808 ego
832 2729 915 2794 solus
937 2727 967 2790 in
990 2730 1050 2804 illa,

270 2843 332 2904 Nec
353 2861 401 2904 mc
424 2849 504 2902 certe
527 2841 594 2902 aliis
617 2839 746 2912 socium,
769 2839 828 2900 nisi
851 2857 957 2902 caussa
979 2839 1095 2914 luisset,

269 2952 448 3015 Jnnxissem.
491 2951 599 3012 Verum
620 2951 686 3029 ipse
707 2949 765 3022 lui,
789 2949 840 3029 qui
862 2949 944 3011 solus
967 2949 1087 3024 ibidem,
1163 3007 1168 3025 ,

271 3063 344 3124 Cum
365 3061 579 3122 Fronnnrrmn
600 3066 753 3139 patoretur
774 3067 891 3122 caetera
913 3060 1000 3121 turba

221 3178 254 3230 80
270 3171 379 3235 Urbem
401 3169 509 3243 deleri,
532 3188 597 3230 sum
620 3187 710 3230 ausus
732 3168 892 3230 defendere
915 3187 1016 3230 coram

313 3283 351 3342 m
371 3289 418 3354 tn,
442 3279 487 3340 sic
509 3278 581 3340 olim
603 3285 665 3339 tuto
689 3295 760 3356 geas
782 3288 880 3338 vestra
903 3278 1046 3358 quiescat,

272 3391 368 3453 (trans
391 3388 541 3470 quaesivi,
564 3405 601 3450 ne
625 3387 713 3448 istum
735 3386 809 3448 mihi
832 3387 946 3447 solvere
969 3389 1078 3452 nodum

270 3501 387 3573 Abnm,
412 3517 471 3578 quo
493 3516 573 3559 nnnc
594 3497 737 3576 implicita
760 3504 806 3558 est
827 3497 975 3558 sententia
998 3507 1108 3560 nostra.

272 3609 303 3672 Si
324 3609 402 3671 bene
424 3626 480 3686 ego
503 3606 615 3678 andivi,
636 3606 700 3668 visa
722 3614 768 3667 est
790 3625 874 3667 mens
895 3616 993 3668 vestra
1013 3608 1115 3671 videre

220 3727 253 3781 85
270 3720 359 3792 Ante,
384 3718 464 3797 quod
486 3717 634 3780 adducant
654 3715 784 3778 labentia
807 3724 941 3797 tempora
963 3718 1098 3798 posthac,

270 3830 325 3890 Ast
345 3827 432 3890 aliter
454 3827 534 3907 quod
556 3827 650 3888 adest.
692 3825 770 3898 Nos,
793 3826 868 3888 laesi
890 3827 1000 3890 lumine
1024 3827 1060 3890 ad
1082 3829 1185 3903 instar,

272 3937 355 4011 Quae
377 3937 483 4018 procul
505 3956 521 3998 a
543 3936 633 3998 nobis
655 3935 782 4008 distant,
805 3945 927 4000 ventura
951 3946 1084 4013 tuemur;

271 4048 334 4109 ltux
355 4065 512 4126 supremus
534 4047 631 4108 adbuc
652 4047 711 4108 hoc
732 4046 820 4108 nobis
842 4046 953 4108 lumine
976 4047 1121 4126 splendet,

271 4157 386 4238 lnquit,
409 4157 462 4218 sed
486 4156 630 4237 quidquid
652 4156 777 4236 propius
799 4156 949 4219 succurrit
969 4158 1099 4230 adestne,
1388 4147 1391 4244 l

220 4281 254 4334 90
270 4266 358 4328 Fallit
379 4265 521 4328 continuo
544 4275 674 4328 mentem
695 4265 896 4345 praesentium
918 4265 1053 4342 inanem3

270 4377 309 4438 llt
329 4375 390 4438 nisi
412 4376 479 4456 quis
502 4377 624 4448 doceat,
647 4395 695 4436 res
717 4384 831 4438 vestras
853 4373 931 4438 sciro
953 4376 1121 4457 nequimus.

273 4486 429 4568 Gonjicere
451 4485 598 4548 hinctibi
622 4486 693 4558 erit,
716 4485 804 4548 nobis
827 4495 860 4548 ut
882 4494 941 4550 tota
964 4485 1075 4567 peribit
