3282 5404
358 531 420 595 ³⁰2
805 539 938 590 raurorsr
958 539 1032 590 xxiv.

371 753 560 831 antistitii,
583 757 634 836 qui
656 743 812 837 specuium
832 757 900 836 figis
922 763 972 820 tua
993 757 1105 820 lumina
1126 757 1158 818 io
1179 757 1263 831 illud,

422 862 456 925 ln
480 882 538 943 quo
560 866 638 944 picta
659 865 741 928 rides
764 883 959 947 quaecuuopre
980 866 1169 948 amplectitur
1190 885 1288 929 ourne.

424 974 482 1036 Sed
506 975 645 1054 quoniam
666 976 705 1037 ob
725 993 827 1040 rerem
848 993 940 1056 regua
961 977 1035 1039 hoec
1057 977 1196 1038 coelestia
1221 976 1301 1039 circs

423 1082 562 1146 Accirerc
584 1083 682 1159 fidem,
705 1086 783 1152 hauc
801 1087 906 1166 jussos
929 1087 1071 1150 decorare
1091 1087 1268 1168 triumphis3

424 1193 507 1256 Hanc
527 1201 720 1256 tractaturum
741 1213 797 1275 par
818 1203 866 1258 est
887 1203 917 1258 te
939 1195 1083 1258 accedere
1104 1196 1140 1258 ad
1163 1195 1263 1258 istum.

373 1309 407 1364 ta
466 1303 509 1365 Ao
528 1302 617 1366 vetuti
641 1305 767 1385 sumptis
788 1312 845 1367 stat
865 1305 1075 1369 baccalaureus
1099 1303 1198 1377 armis,

424 1413 486 1473 Nec
506 1413 601 1486 mutit,
626 1413 731 1487 denec,
753 1414 885 1478 monitus
908 1423 1058 1478 scrutante
1079 1415 1230 1492 magistro

425 1523 531 1595 esser,
555 1523 608 1584 sed
630 1523 713 1586 litem
734 1543 794 1586 noo
816 1533 863 1586 est
884 1541 1063 1605 componere
1085 1533 1202 1587 certus:

424 1633 475 1694 Sic
496 1633 660 1712 argumenti
682 1651 798 1696 mecum
819 1651 913 1712 genus
935 1653 1023 1696 omne
1044 1633 1205 1706 struebam‚

424 1743 516 1808 Fante
538 1742 597 1815 itta,
620 1750 653 1804 ut
673 1751 754 1804 tauto
777 1761 825 1806 me
847 1743 1030 1824 respondere
1051 1752 1186 1825 paratum

375 1863 409 1918 tt
425 1852 584 1926 Quaerenti
607 1853 754 1926 offerrem,
777 1861 807 1915 et
828 1853 900 1916 mitri
923 1853 1034 1916 credita
1056 1871 1124 1916 rera
1146 1852 1242 1914 tauri.

467 1963 492 2024 0
514 1961 592 2024 bone
615 1961 799 2037 christicola,
822 1961 872 2025 hie
889 1963 952 2044 jour
973 1981 1052 2025 uuuc
1073 1971 1124 2025 tua
1145 1961 1276 2042 promito
1296 1977 1393 2048 seusu

423 2074 513 2136 Fare:
535 2072 610 2134 tides
633 2071 774 2152 quidnam
796 2069 866 2136 esti
886 2073 1028 2135 Frontem
1048 2073 1138 2154 jubar
1158 2069 1249 2134 extuli
1270 2070 1413 2144 editiori,

425 2183 511 2257 Quod
535 2181 578 2243 sio
600 2177 748 2261 spirabat3
770 2181 878 2244 deinde
900 2158 948 2246 est
968 2183 1102 2262 iuspecto
1123 2182 1264 2244 Bouron.

424 2291 534 2354 tonuit
555 2291 614 2364 itta,
630 2279 670 2354 'ut
690 2308 797 2372 aquarn
818 2293 899 2355 toute
921 2291 1064 2355 interiore
1085 2291 1231 2354 reclusam

374 2416 408 2471 55
424 2401 544 2465 Effuodi
566 2400 705 2466 sinerem.
750 2403 834 2475 Quae
855 2402 907 2464 dat
925 2401 1000 2471 mihi
1022 2402 1115 2480 gratia
1137 2417 1237 2464 coram

423 2510 590 2592 Primipito‚
612 2513 663 2592 qui
685 2511 726 2573 sit
745 2511 819 2573 mihi
841 2529 958 2586 oeneus,
980 2512 1045 2583 ieri,
1068 2527 1125 2590 ego
1145 2509 1241 2589 coepi,

424 2621 479 2683 Det
502 2640 620 2701 quoquo
643 2629 690 2682 eat
712 2621 809 2684 otaros
831 2622 958 2686 educere
980 2629 1102 2703 pectore
1124 2637 1243 2682 socom.

425 2730 501 2792 Tum
522 2749 629 2810 porro:
651 2731 689 2794 Ut
710 2731 764 2793 tibi
786 2732 921 2806 dilectus,
943 2734 1034 2795 Pater
1053 2731 1174 2811 optimo,
1197 2730 1297 2802 irater,
1406 2735 1410 2746 '

426 2839 485 2914 Qui
506 2847 604 2902 tecum
624 2839 748 2902 Romam
769 2842 893 2904 metiore
914 2843 946 2904 iu
967 2842 1043 2904 cailo
1068 2840 1184 2913 locarit,

374 2953 408 3006 tto
424 2949 489 3012 Jaur
510 2949 647 3030 scripsit:
667 2949 789 3025 Rerum,
813 2971 887 3032 poca
909 2971 965 3015 uos
987 2969 1114 3033 operm
1129 2947 1284 3027 inimo,

428 3059 503 3122 Vero
523 3060 598 3140 fides
619 3060 757 3141 solorum
778 3073 831 3134 est,
853 3071 1117 3142 commeatumque
1140 3057 1285 3122 immota

425 3168 572 3233 Mortales
594 3170 746 3233 hommum
766 3177 867 3234 visus:
890 3171 960 3234 tatis
981 3179 1084 3232 natrua
1104 3170 1220 3232 ridetur

424 3277 508 3341 lilius
530 3297 598 3342 esse
618 3280 703 3342 mihi.
725 3313 766 3326 -
787 3277 861 3344 lieiir
882 3282 956 3344 haec
977 3280 1076 3344 audita
1098 3275 1220 3359 loquela
1239 3283 1300 3340 est:

426 3388 472 3450 Tu
493 3397 574 3452 recte
597 3390 701 3465 sentia,
724 3392 751 3452 si
771 3399 852 3454 recte
872 3390 1023 3469 intelligis,
1045 3389 1127 3451 rilaur

375 3505 409 3561 tta
426 3498 485 3571 Qut
506 3499 583 3560 iuter
603 3517 652 3562 res
675 3500 764 3562 simul
786 3502 922 3581 interque
944 3505 1115 3580 argumento
1136 3504 1271 3577 reponat

467 3609 535 3670 Mox
555 3625 626 3686 ego:
649 3609 731 3682 Quae
753 3629 821 3672 sese
841 3611 915 3672 mihi
938 3610 1009 3674 daut
1030 3625 1136 3672 arcana
1157 3606 1293 3679 scienda,

426 3717 477 3780 Sic
498 3718 614 3780 latitant
634 3719 798 3800 tolluntque
819 3720 897 3782 imae
918 3719 1056 3782 mortalia
1077 3717 1173 3796 gentio

425 3828 559 3902 Lumina,
581 3835 622 3901 ut,
645 3829 720 3891 hacc
740 3849 811 3892 vore
834 3849 911 3904 csse,
933 3830 1009 3892 fidos
1030 3845 1086 3909 pro
1108 3835 1186 3889 teste
1206 3827 1244 3888 sit
1265 3825 1335 3897 uua

426 3938 491 4011 Qua
513 3957 583 4018 spes
605 3938 662 4000 alta
685 3941 777 4015 sedet,
800 3948 897 4002 stante
918 3948 951 4004 ut
973 3933 1153 4010 iuudomiuu
1176 3936 1263 3998 nixa:

376 4064 410 4116 ro
424 4047 497 4108 ludo
519 4048 563 4110 rei
585 4047 701 4112 solidae
722 4050 789 4130 ipsa
810 4051 885 4112 fides
907 4051 965 4112 sibi
985 4045 1106 4112 uomina
1126 4045 1224 4108 sumit

424 4161 520 4237 Atque
542 4157 600 4220 fide
623 4159 737 4222 exista
758 4179 814 4241 par
835 4168 880 4222 est
900 4161 1049 4222 deducere
1070 4157 1163 4220 robur

425 4267 680 4344 momentorum,
703 4270 781 4334 haud
803 4270 860 4332 alia
882 4271 1009 4335 ducente
1029 4268 1169 4342 luceruaa
1266 4267 1268 4274 ’

425 4376 509 4438 Hanc
530 4379 638 4440 etenim
660 4380 727 4443 dico
748 4381 884 4460 logicam.
905 4411 948 4426 -
969 4379 1044 4441 Tum
1068 4379 1165 4441 audita
1187 4373 1305 4455 loquuta
1326 4381 1387 4436 est:

427 4486 470 4561 Si,
494 4487 638 4569 qrridquid
658 4489 744 4552 robis
766 4477 901 4554 doctriua
921 4491 1038 4553 discere
1059 4490 1104 4552 iae
1127 4495 1183 4562 est,
