3362 5414
376 1764 492 1892 (huod
515 1795 584 1895 jam
610 1804 781 1893 superest,
814 1795 898 1870 ratio
931 1797 1093 1895 quaedam
1117 1798 1214 1896 paulo
1241 1795 1424 1871 accuratior
1454 1819 1514 1870 no·

273 1916 325 1988 his
350 1916 519 1990 reddenda
553 1915 702 2007 videtur,
737 1936 820 2010 quae
855 1915 1026 2013 qualisque
1060 1915 1104 1988 sit
1137 1915 1363 2012 interpretatio
1396 1913 1514 1988 Latina

273 2031 426 2108 szz'an.
458 2035 496 2107 Id
522 2032 710 2108 necessario
728 2032 919 2130 requiritur,
937 2033 1057 2131 partim
1075 2044 1112 2107 ut
1128 2034 1243 2126 lector,
1264 2057 1328 2134 qua
1350 2032 1514 2130 judicium

273 2177 374 2226 suum
399 2162 563 2241 exerceat,
590 2152 739 2246 regulam
764 2151 884 2224 habeat
910 2161 1033 2225 certam
1059 2176 1098 2224 ac
1124 2151 1303 2244 definitam,
1330 2152 1450 2247 partim
1469 2173 1514 2223 ne

273 2272 366 2370 quis,
393 2270 474 2368 quid
499 2269 575 2366 ipsi,
601 2293 738 2342 munere
764 2271 874 2366 operis
902 2271 990 2344 illius
1017 2271 1100 2367 typis
1127 2269 1335 2344 describendi
1362 2279 1394 2342 et
1410 2268 1514 2341 divul-

274 2387 372 2482 gaudi
401 2397 554 2483 suscepto
566 2442 577 2479 ,
603 2387 864 2483 praestiterimus
890 2389 1150 2486 praestantiaque
1174 2388 1417 2486 putaverimus,
1453 2387 1513 2460 du·

271 2504 347 2577 hius
373 2505 517 2578 haereat
1262 2491 1289 2534 ⁸

373 2623 457 2695 Prae
470 2622 615 2695 ¹caeteris
639 2622 675 2694 id
701 2621 803 2717 probe
830 2623 1010 2695 nuendum
1037 2631 1134 2720 atquc
1158 2623 1409 2720 expendendum
1437 2645 1512 2696 esse

275 2765 462 2834 censemus,
485 2739 637 2814 divinum
654 2739 807 2815 Dentis
821 2740 908 2813 alti
920 2739 1062 2836 gherii
1089 2763 1222 2813 carmen
1238 2740 1279 2813 ab
1295 2740 1389 2814 initio
1406 2763 1512 2837 usque

275 2859 316 2931 ad
343 2859 443 2931 linem
469 2881 646 2956 peragrare
672 2858 815 2931 mundos
847 2868 882 2930 et
906 2883 1069 2957 supernos
1102 2867 1135 2930 et
1167 2859 1336 2952 infernos,
1370 2883 1511 2957 quorum

272 2976 412 3048 Romani
438 2976 565 3049 nullum
586 2975 656 3071 jam
682 2964 875 3049 invenerant
892 2976 1099 3070 Golumhum,
1127 2985 1160 3048 et
1173 2976 1335 3049 divertere
1353 2977 1387 3050 iu
1402 2977 1510 3074 regiu-

271 3093 382 3188 uihus,
409 3118 548 3192 quarum
573 3117 681 3190 neque
707 3119 800 3167 oram
825 3101 934 3193 neq'ue
959 3085 1198 3168 extremitatem
1212 3093 1304 3167 radio
1321 3089 1511 3192 perticaque

271 3212 357 3285 ullus
384 3214 474 3309 genti
501 3212 667 3285 Romanae
689 3211 758 3308 jam
785 3213 1005 3309 descripserat
1029 3212 1269 3297 Archimedes,
1303 3213 1510 3310 Quapropter

270 3329 392 3402 szza
416 3330 568 3402 Divinam
595 3331 806 3406 Comoediam
828 3331 863 3404 in
880 3332 1026 3428 linguam
1041 3330 1161 3403 veteris
1179 3330 1264 3403 Latii
1279 3331 1508 3422 transferendo

271 3459 305 3519 et
328 3448 478 3521 versibus
504 3447 648 3521 heroicis
674 3447 864 3544 virgilianis
898 3448 1137 3522 conscribendo
1169 3473 1236 3521 uon
1269 3451 1377 3522 solum
1402 3451 1509 3544 ardui,
1620 3464 1628 3470 '

269 3589 384 3639 verum
409 3567 508 3644 etiam
533 3590 638 3664 paene
661 3567 740 3662 novi
766 3567 845 3664 quid
872 3566 991 3639 iecisse
1018 3567 1111 3639 etin
1137 3591 1269 3641 arenam
1281 3559 1508 3642 Romae‘auti·

270 3706 354 3778 quae
380 3683 477 3781 plane
502 3708 570 3756 non
596 3683 763 3778 cognitam
790 3684 1001 3758 descendisse
1028 3685 1162 3758 omniuo
1185 3677 1385 3781 judicandus
1412 3696 1471 3760 est

370 3801 468 3874 uliud
493 3802 640 3898 prolecto
667 3811 730 3894 est,
754 3801 895 3874 lectores
909 3802 960 3874 vel
979 3803 1146 3876 auditores
1167 3799 1286 3878 secum
1298 3803 1449 3901 abripere
1472 3805 1508 3878 in

270 3918 505 4017 omnipotentis
521 3919 648 4016 Olympi
665 3918 798 3993 domum
819 3929 853 3991 ct
876 3919 1086 3994 introducere
1104 3922 1137 3994 in
1153 3909 1402 4016 coelicolarum,
1423 3947 1506 4021 quos

271 4036 388 4116 Graeci
422 4047 455 4110 et
486 4036 626 4111 Romani
658 4037 830 4131 colebant,
869 4047 1018 4132 coetum,
1056 4063 1153 4136 quam
1183 4041 1368 4136 expandere
1401 4041 1506 4114 oculis

269 4157 455 4254 animisque
481 4155 636 4252 Empyrei
657 4155 869 4252 Paradisiquc
891 4155 1068 4229 Christiani
1093 4159 1267 4254 mysteria,
1296 4157 1403 4255 qualia
1430 4157 1505 4230 libri

268 4298 337 4346 uon
363 4273 435 4346 siue
461 4273 573 4346 alilatu
601 4275 709 4347 divino
737 4274 850 4371 scripti
870 4273 1057 4371 perhibent,
1084 4287 1117 4348 et
1130 4276 1330 4373 perlustrare
1352 4276 1505 4371 ingentes
1622 4361 1625 4368 Ι

266 4393 488 4489 Angelorum,
523 4393 780 4489 Prophetarum,
804 4393 1055 4491 Apostolorum,
1079 4393 1276 4490 Martyrum,
1308 4395 1507 4471 Sanctorum

268 4522 302 4582 et
325 4511 502 4584 Beatorum
526 4512 671 4586 ordines.
723 4514 805 4599 Quis
831 4513 965 4586 infitiari
991 4522 1131 4610 potest,
1152 4513 1255 4585 multo
1285 4513 1416 4586 lucilius
1450 4535 1505 4585 ex·
