3234 5396
576 530 757 582 euacaronn
774 531 875 582 xmrrr.
1227 531 1288 596 267
1339 479 1344 760 ι

224 748 361 810 Vestrum
383 747 481 810 divino
504 747 614 810 distare
636 765 653 809 a
675 747 791 810 tramite
814 755 935 821 tantuna

176 873 209 928 ευ
227 858 376 930 Quantum
398 856 550 918 discordat
571 866 668 918 terrae
689 876 759 938 pars
781 857 883 919 infima
905 857 1049 938 sphaerae

226 965 317 1039 Coeli,
341 985 416 1045 quae
438 965 532 1027 tertur
552 966 724 1044 properanti
743 966 886 1028 altissima
909 983 1007 1028 cursu.

267 1075 325 1138 llic
347 1093 401 1153 ego
423 1075 581 1154 respondi:
604 1075 689 1136 Haud
710 1076 832 1137 memini
852 1095 901 1139 me
922 1077 1040 1156 longius
1062 1095 1192 1158 unquam

226 1189 302 1246 nte
323 1202 415 1245 unum
438 1183 622 1246 abscessisse
644 1183 761 1264 pedem,
784 1204 841 1248 nec
862 1187 983 1248 conscie
1005 1205 1107 1249 morsu

228 1295 286 1356 Cor
307 1293 381 1355 mibi
402 1311 487 1355 mens
509 1293 614 1371 tangit.
636 1325 680 1338 -·
701 1293 733 1354 Si
755 1303 784 1356 te
806 1294 838 1356 id
858 1295 1031 1357 meminisse
1052 1305 1186 1377 potestas

178 1411 210 1465 85
226 1403 341 1478 Deficit,
364 1403 414 1464 ille
436 1403 532 1482 inquit
553 1402 664 1476 ridens,
687 1420 767 1464 nunc
787 1403 855 1482 ipse
876 1414 1035 1479 memento,

226 1513 264 1574 Ut
284 1521 317 1574 tu
337 1513 485 1575 Lethaeos
507 1512 597 1574 bodie
618 1513 782 1588 gustaveris
804 1514 940 1576 bevrstus.

228 1622 260 1684 Si
283 1641 319 1684 ex
341 1623 422 1684 sumo
445 1622 578 1699 arguitur
599 1622 725 1694 flamma,
747 1622 824 1684 baec
845 1622 953 1684 oblivia
976 1623 1092 1705 culpam

227 1730 386 1793 lncludunt
407 1731 497 1792 animi
518 1730 606 1809 longe
629 1730 745 1793 diversa
768 1733 871 1794 secuti.
891 1735 895 1746 '

226 1842 292 1902 Jam
312 1859 382 1902 vero
405 1860 472 1904 mea
493 1840 592 1914 verbe,
614 1840 704 1902 rudes
728 1841 825 1920 quoad
848 1841 987 1903 convenit
1008 1841 1064 1906 ista
1103 1877 1106 1888 ·

180 1961 212 2012 uo
229 1951 424 2013 contendenti
447 1949 550 2012 oculos
572 1950 737 2023 recludere,
760 1950 838 2012 nude
860 1950 1016 2012 resolvam.

270 2059 309 2120 Et
329 2059 424 2137 magis
447 2060 593 2137 effulgens
616 2067 646 2122 et
667 2079 756 2122 cursu
779 2059 888 2121 lentior
909 2059 1012 2121 orbem

230 2169 281 2231 Sol
303 2169 465 2248 usurpabat
487 2169 618 2232 medium
640 2169 717 2232 coeli
739 2177 827 2248 atqua
850 2168 919 2242 diei,

230 2279 297 2353 Qui,
319 2298 374 2358 pro
397 2289 559 2358 prospectu
580 2279 670 2352 vario,
692 2267 823 2340 mutatur
844 2285 873 2339 et
894 2279 976 2358 ipse;

231 2389 303 2451 Cum
326 2388 434 2461 subito,
457 2388 546 2449 veluti
568 2406 634 2449 mos
657 2395 703 2449 est
724 2387 900 2449 ducentibus
924 2406 1030 2467 agmen

117 2469 121 2576 l
181 2504 213 2558 et
229 2498 416 2571 Praemissis‚
440 2498 467 2559 si
488 2517 545 2578 qua
567 2505 614 2558 est
634 2496 749 2559 novitas
772 2505 934 2577 comperta,
956 2505 1065 2561 stetere

230 2607 376 2687 Septenee
398 2608 554 2686 nymphae,
577 2607 720 2686 languens
742 2607 793 2668 uhi
815 2607 925 2668 decidit
946 2606 1059 2682 umbre,

231 2718 355 2791 Qualem
377 2716 432 2778 sub
455 2717 535 2777 loliis
557 2717 761 2789 viridantibus,
785 2725 873 2795 atque
895 2718 1029 2796 nigrante

228 2826 389 2888 Remorum
411 2826 507 2906 spatio
531 2826 601 2887 rivis
623 2826 790 2904 algentibus
811 2827 902 2907 Alpes

229 2936 425 2998 Distribuunt.
469 2935 544 2997 Ante
566 2935 620 2997 bas
641 2955 715 2998 vena
737 2936 869 2998 delabier
890 2955 949 2998 une

167 3052 214 3106 1⁰⁰
229 3046 412 3126 Euphratem
433 3054 464 3106 et
485 3045 599 3122 Tigrim
620 3046 734 3108 luerem
756 3046 829 3108 mibi
851 3043 974 3107 cernere
994 3047 1084 3119 visus,

188 3129 192 3140 ¹
230 3154 276 3228 Et,
300 3155 385 3234 quasi
407 3155 536 3216 amicitia
554 3155 685 3234 junctos,
709 3155 863 3216 discedere
885 3155 998 3233 pigros.

273 3265 298 3326 0
321 3265 379 3337 lux,
403 3284 420 3325 o
442 3265 548 3341 ingens
569 3265 715 3325 humanae
737 3263 830 3340 glorie
852 3262 963 3340 gentis!

233 3374 320 3449 Quod
343 3392 437 3453 genus
458 3374 537 3435 istud
560 3392 654 3452 equae
677 3381 732 3448 est,
755 3392 813 3434 una
835 3392 910 3452 quae
933 3373 969 3434 eb
991 3373 1105 3451 origine
1127 3393 1195 3436 sese

230 3485 366 3564 Explicat
385 3484 445 3544 buc
465 3483 598 3555 veniens,
621 3502 747 3562 seseque
770 3483 902 3563 petitque
924 3481 1081 3563 fugitque?

169 3607 214 3663 1o5
231 3594 359 3657 bim—
380 3593 454 3665 Hoc,
476 3593 641 3671 respondit,
663 3593 716 3654 tibi
740 3593 796 3655 erit
817 3593 969 3670 rogitanda
990 3593 1143 3666 Marruca,

231 3705 269 3766 Ut
290 3703 370 3765 dicat
391 3719 536 3764 caussam.
580 3700 658 3763 Huic
679 3701 785 3763 mulier
805 3701 1004 3780 pulcherrime
1025 3709 1135 3776 contra,

232 3814 270 3875 Ut
290 3813 360 3874 lacit
381 3831 398 3874 e
421 3813 525 3892 culpae
548 3812 598 3891 qui
621 3830 688 3872 sese
711 3811 834 3874 crimine
857 3812 959 3872 solvit:

231 3923 291 3984 llas
313 3941 372 3997 res,
395 3930 482 4002 etque
504 3922 576 3983 elias
598 3921 744 3983 monitum
765 3940 831 3982 mee
853 3940 923 3983 cura
944 3921 1074 3996 remisit3

231 4032 294 4094 Nec
316 4032 415 4106 timeo,
439 4051 456 4094 e
478 4031 570 4093 Lethe
592 4049 630 4093 ne
653 4031 731 4091 dicte
753 4031 944 4093 absconderit
964 4030 1069 4092 amnis.

168 4153 216 4205 ltu
233 4141 291 4202 Olli
314 4142 417 4204 sedato
440 4141 707 4221 respondit-corde
728 4141 876 4203 Bnnrnrx:

233 4251 309 4312 Cure
331 4251 373 4311 illi
395 4250 499 4330 major,
522 4269 577 4330 per
601 4269 688 4329 quarn
709 4268 809 4312 rerum
832 4250 988 4312 immemor
1009 4251 1076 4331 ipse

232 4360 386 4435 Redditur,
409 4359 517 4422 offudit
537 4367 665 4420 mentem
688 4360 814 4421 fortasse
836 4361 977 4422 tenebris.

231 4472 328 4550 Atque
351 4489 421 4534 ecce
442 4470 572 4544 Euboea,
596 4469 646 4549 qui
668 4469 895 4548 praeterlabitur
916 4488 1007 4535 oram.

730 4669 850 4680 -υ--υ-ι
859 4673 923 4682 ιιι-...-
