3214 5400
587 509 766 560 ruacrronu
786 511 820 560 n.
1239 511 1298 573 149

206 721 427 802 tQuaprcpter
448 723 535 800 lenge
557 725 666 787 diversi
689 745 788 790 errare
810 737 959 808 putantur,

237 831 293 904 Qui
316 833 442 893 credunt
463 833 551 896 aliam
574 843 662 913 atque
685 835 772 900 aliam
794 837 918 918 insuper
938 839 1112 901 intlammari

236 940 268 1002 ln
290 941 378 1002 nubis
400 943 539 1004 animam.
583 943 658 1006 Nam
680 945 706 1005 si
728 945 798 1022 quid
821 947 916 1008 lertur
937 948 973 1009 ad
997 967 1083 1010 aures
1350 938 1352 984 ¹

235 1055 291 1112 but
312 1053 416 1112 oculos
438 1072 552 1126 rerum,
576 1053 672 1116 valido
696 1055 775 1134 quod
798 1055 942 1117 distrabat
963 1057 1033 1128 ictu,
1349 987 1352 1113 i

235 1161 260 1221 lt
281 1169 413 1241 tempus,
437 1180 535 1242 neque
557 1163 647 1224 bnme
671 1163 770 1224 sentit.
814 1164 947 1244 Namque
968 1165 1018 1228 illa
1040 1175 1183 1246 potestas,

190 1282 219 1334 lt
236 1272 316 1344 Quae
340 1289 431 1332 sensu
453 1271 555 1333 haeret
577 1273 607 1333 in
628 1272 702 1345 bec,
726 1272 851 1334 aliaest
873 1281 959 1354 atque
981 1276 1095 1352 integra
1118 1284 1237 1338 nestrae

236 1381 308 1442 Tota
329 1381 453 1442 animae.
497 1381 577 1443 Haec
599 1381 683 1460 quasi
705 1382 840 1444 devincta
863 1392 925 1457 est,
947 1393 1047 1446 manet
1069 1383 1118 1447 illa
1140 1385 1246 1448 seluta.

234 1490 266 1552 ld
288 1509 390 1551 verum
412 1498 534 1568 experto
556 1492 665 1568 patuit,
689 1510 756 1552 cum
778 1492 866 1554 lanus
889 1492 925 1554 ab
948 1512 999 1555 ore

233 1599 358 1661 Umbrae
379 1599 546 1679 pendebam
569 1607 598 1660 et
618 1599 749 1661 mirabar
769 1601 912 1680 plurima,
936 1603 1033 1665 denec

234 1709 583 1789 Quinquaginta‘gradus
605 1717 795 1788 superaverat
816 1709 973 1774 aethereus
995 1714 1057 1775 Sol.

188 1823 216 1876 lt
273 1818 335 1884 Nec
357 1820 454 1892 sensi,
477 1819 536 1880 nisi
558 1827 645 1892 tunc,
668 1835 735 1880 cum
759 1818 875 1882 illerum
895 1822 976 1883 veuit
996 1823 1032 1884 ad
1055 1842 1142 1887 aures

231 1928 406 1990 Umbramm
428 1927 540 1990 clamer
560 1936 694 1989 nostras:
719 1929 805 2001 Quod
827 1931 967 2009 poscitis,
990 1931 1040 1994 bic
1062 1931 1124 1994 est!

230 2038 371 2118 Majcrem
393 2036 541 2118 objicibus
564 2038 646 2117 sepis
667 2036 784 2100 vallavit
804 2038 917 2100 blatum

119 2171 123 2272 ἰ
230 2148 352 2208 villicus
376 2147 480 2223 exigue
504 2148 657 2226 spinarum
680 2165 769 2225 saepe
790 2147 921 2226 maniplo
1046 2189 1048 2195 -

119 2284 121 2332 4
229 2257 326 2331 Usus,
348 2256 400 2318 ubi
422 2257 507 2333 nigro
530 2257 711 2318 suffunditur
732 2277 787 2319 uva
810 2255 919 2331 colore,

118 2337 121 2435 i
182 2374 214 2425 ao
231 2366 326 2439 Quam
349 2366 404 2427 luit
424 2366 474 2428 ille
496 2365 610 2439 aditus,
633 2385 688 2445 per
710 2385 799 2445 quem
822 2369 1001 2429 contendere
1024 2367 1096 2430 selis

117 2446 121 2573 i
227 2476 350 2540 Ductori
371 2483 460 2555 atque
482 2477 555 2536 mibi
577 2485 624 2537 est
644 2477 756 2549 visum,
779 2485 849 2556 post
869 2483 951 2554 terga
974 2485 1090 2540 caterva

117 2577 120 2704 ἰ
228 2587 404 2648 Discedente
426 2585 493 2648 alia.
537 2586 694 2648 Saniaeum
716 2593 764 2647 est
783 2605 889 2665 repere
911 2586 1029 2666 plantis,

227 2694 322 2759 Nauln
345 2695 459 2768 delabi,
483 2703 571 2775 atquc
593 2702 691 2768 tuum,
714 2695 901 2769 Bismantua‚
925 2696 1047 2758 dorsum

227 2806 414 2885 Exsuperare
436 2804 543 2880 datur3
564 2823 668 2866 verum
688 2805 738 2866 bic
757 2825 835 2884 opus
857 2825 926 2868 esse
947 2807 1047 2868 velatu

179 2920 211 2972 25
227 2916 285 2978 iles
308 2915 395 2976 dccet
416 2914 529 2975 alarum
550 2914 742 2992 lenitateque:
766 2916 881 2977 scilicet
901 2915 1008 2994 ingens

114 2982 118 3052 i
228 3025 273 3086 lic
294 3023 476 3086 desiderium
498 3024 605 3103 pennis
627 3024 755 3088 ducebat
775 3025 922 3098 adortum,

228 3133 314 3197 illum
335 3153 415 3214 pene
438 3133 539 3212 sequi,
564 3134 615 3211 qui
637 3153 721 3213 spem
744 3133 847 3205 dabat,
870 3142 959 3212 atque
981 3134 1096 3197 ferebat

227 3245 303 3306 Prae
326 3263 359 3305 se
380 3261 487 3321 meque
508 3243 614 3304 lacem.
657 3243 719 3304 Nos
739 3244 819 3304 inter
839 3244 983 3321 fragmina
1006 3244 1068 3304 saxi

228 3355 370 3416 Venimus
393 3353 555 3425 adscensu,
578 3352 800 3431 stringebntque
824 3353 955 3432 undique
978 3370 1087 3432 corpus

177 3467 210 3520 tn
228 3464 364 3538 ὅπως
385 3461 479 3542 pedes
500 3463 673 3542 pariterque
695 3479 800 3524 manus
821 3479 890 3540 pars
913 3462 1012 3523 intima
1034 3481 1154 3541 semper

226 3572 382 3635 Pcscebat.
405 3605 445 3620 -·-
467 3571 629 3651 Postquam
652 3589 792 3651 supremo
814 3571 844 3634 in
866 3572 997 3648 margine
1019 3571 1102 3650 rupis

226 3683 355 3744 Alterius
377 3681 530 3754 stetimus,
552 3682 635 3761 ripae
657 3682 735 3742 nacti
757 3697 869 3760 aequor
890 3687 1033 3759 apertum,

227 3792 316 3875 Qmi
337 3800 528 3870 praeceptor,
551 3791 626 3864 dixi,
650 3809 738 3871 quem
760 3808 882 3871 carpere
905 3789 1009 3852 callem

225 3903 296 3964 Fert
317 3898 455 3963 animust
477 3901 561 3962 Tunc
583 3899 633 3962 ille
653 3900 742 3961 mibi:
764 3899 952 3962 Descendere
974 3919 1065 3979 passu

177 4021 208 4074 35
226 4013 318 4074 Parce
339 4010 417 4084 ullo,
439 4027 475 4072 ac
496 4021 566 4090 post
586 4029 633 4072 me
655 4018 757 4072 teneas
779 4029 849 4071 saxa
869 4009 961 4071 ardue
983 4009 1091 4070 montis

226 4119 418 4193 Scandendc‚
442 4120 560 4198 sapiens
583 4118 653 4182 dum
674 4118 761 4181 nobis
782 4117 887 4180 obvius
908 4118 985 4180 adsit

224 4231 414 4293 Monstratnr.
458 4229 518 4292 Sed
539 4247 614 4309 apex
636 4247 770 4290 summus
792 4226 919 4290 distabat
940 4225 976 4289 ab
998 4227 1057 4290 ima

224 4339 334 4402 Radice
356 4357 452 4418 nsque
474 4339 564 4411 adeo,
588 4347 621 4402 ut
640 4338 737 4400 visum
759 4337 919 4416 longbmua
943 4344 1073 4400 tuentem

223 4449 364 4520 imitaret,
388 4456 475 4528 atque
496 4447 672 4526 assurgebat
691 4448 786 4524 magis
807 4445 858 4508 ille
880 4444 1008 4525 superbe
1151 4507 1154 4512 ,
1335 4469 1339 4538 j

106 4641 277 4688 ,,..,.,,,,
1166 4539 1338 4657 ,Λ
