<?xml version="1.0" encoding="UTF-8"?>
<!DOCTYPE html PUBLIC "-//W3C//DTD XHTML 1.0 Transitional//EN"
    "http://www.w3.org/TR/xhtml1/DTD/xhtml1-transitional.dtd">
<html xmlns="http://www.w3.org/1999/xhtml" xml:lang="en" lang="en">
 <head>
  <title>
</title>
<meta http-equiv="Content-Type" content="text/html;charset=utf-8" />
  <meta name='ocr-system' content='tesseract 3.04.00' />
  <meta name='ocr-capabilities' content='ocr_page ocr_carea ocr_par ocr_line ocrx_word'/>
</head>
<body>
  <div class='ocr_page' id='page_1' title='image "./divinacomoedia01piazgoog_0022.png"; bbox 0 0 3362 5414; ppageno 0'>
   <div class='ocr_carea' id='block_1_1' title="bbox 765 555 1478 629">
    <p class='ocr_par' dir='ltr' id='par_1_1' title="bbox 765 555 1478 629">
     <span class='ocr_line' id='line_1_1' title="bbox 765 555 1478 629; baseline 0.004 -23"><span class='ocrx_word' id='word_1_1' title='bbox 765 555 936 608; x_wconf 64' lang='lat' dir='ltr'>nummio.</span> <span class='ocrx_word' id='word_1_2' title='bbox 1425 579 1478 629; x_wconf 65' lang='grc' dir='ltr'>χιι]</span> 
     </span>
    </p>
   </div>
   <div class='ocr_carea' id='block_1_2' title="bbox 231 739 1477 1902">
    <p class='ocr_par' dir='ltr' id='par_1_2' title="bbox 231 739 1477 1902">
     <span class='ocr_line' id='line_1_2' title="bbox 233 739 1477 844; baseline 0.005 -32"><span class='ocrx_word' id='word_1_3' title='bbox 233 741 364 814; x_wconf 88' lang='lat' dir='ltr'>labores</span> <span class='ocrx_word' id='word_1_4' title='bbox 400 741 551 814; x_wconf 86' lang='lat' dir='ltr'>conterre</span> <span class='ocrx_word' id='word_1_5' title='bbox 586 739 794 835; x_wconf 87' lang='lat' dir='ltr'>desiderant,</span> <span class='ocrx_word' id='word_1_6' title='bbox 829 745 884 840; x_wconf 91' lang='lat' dir='ltr'>qui</span> <span class='ocrx_word' id='word_1_7' title='bbox 919 753 1067 841; x_wconf 83' lang='lat' dir='ltr'>tempore</span> <span class='ocrx_word' id='word_1_8' title='bbox 1103 768 1179 818; x_wconf 94' lang='lat' dir='ltr'>eum</span> <span class='ocrx_word' id='word_1_9' title='bbox 1212 756 1477 844; x_wconf 88' lang='lat' dir='ltr'>praecesserunt,</span> 
     </span>
     <span class='ocr_line' id='line_1_3' title="bbox 234 859 1476 956; baseline 0.004 -23"><span class='ocrx_word' id='word_1_10' title='bbox 234 861 333 934; x_wconf 91' lang='lat' dir='ltr'>unius</span> <span class='ocrx_word' id='word_1_11' title='bbox 358 859 572 956; x_wconf 86' lang='lat' dir='ltr'>ejusdemque</span> <span class='ocrx_word' id='word_1_12' title='bbox 598 859 661 932; x_wconf 88' lang='lat' dir='ltr'>loci</span> <span class='ocrx_word' id='word_1_13' title='bbox 689 860 870 952; x_wconf 83' lang='lat' dir='ltr'>(celebrem</span> <span class='ocrx_word' id='word_1_14' title='bbox 904 863 944 934; x_wconf 89' lang='lat' dir='ltr'>dc</span> <span class='ocrx_word' id='word_1_15' title='bbox 970 860 1147 936; x_wconf 81' lang='lat' dir='ltr'>Francisca</span> <span class='ocrx_word' id='word_1_16' title='bbox 1171 863 1372 937; x_wconf 77' lang='lat' dir='ltr'>Ariminensi</span> <span class='ocrx_word' id='word_1_17' title='bbox 1401 889 1476 939; x_wconf 89' lang='lat' dir='ltr'>nar·</span> 
     </span>
     <span class='ocr_line' id='line_1_4' title="bbox 232 978 1476 1078; baseline 0.006 -28"><span class='ocrx_word' id='word_1_18' title='bbox 232 979 395 1051; x_wconf 91' lang='lat' dir='ltr'>rationem</span> <span class='ocrx_word' id='word_1_19' title='bbox 411 978 618 1074; x_wconf 84' lang='lat' dir='ltr'>selegimus),</span> <span class='ocrx_word' id='word_1_20' title='bbox 628 989 789 1078; x_wconf 83' lang='lat' dir='ltr'><strong>quotquot</strong></span> <span class='ocrx_word' id='word_1_21' title='bbox 804 979 950 1052; x_wconf 90' lang='lat' dir='ltr'>nancisci</span> <span class='ocrx_word' id='word_1_22' title='bbox 968 979 1148 1076; x_wconf 90' lang='lat' dir='ltr'>potuimus,</span> <span class='ocrx_word' id='word_1_23' title='bbox 1163 981 1333 1056; x_wconf 86' lang='lat' dir='ltr'>versiones</span> <span class='ocrx_word' id='word_1_24' title='bbox 1342 982 1476 1058; x_wconf 90' lang='lat' dir='ltr'>Latinas</span> 
     </span>
     <span class='ocr_line' id='line_1_5' title="bbox 232 1096 1475 1199; baseline 0.007 -32"><span class='ocrx_word' id='word_1_25' title='bbox 232 1097 288 1168; x_wconf 88' lang='lat' dir='ltr'>bic</span> <span class='ocrx_word' id='word_1_26' title='bbox 315 1096 518 1170; x_wconf 82' lang='lat' dir='ltr'>exhibentes.</span> <span class='ocrx_word' id='word_1_27' title='bbox 564 1097 636 1182; x_wconf 82' lang='lat' dir='ltr'>Qua</span> <span class='ocrx_word' id='word_1_28' title='bbox 663 1099 695 1170; x_wconf 92' lang='lat' dir='ltr'>in</span> <span class='ocrx_word' id='word_1_29' title='bbox 724 1122 760 1171; x_wconf 88' lang='lat' dir='ltr'>rc</span> <span class='ocrx_word' id='word_1_30' title='bbox 787 1097 954 1170; x_wconf 86' lang='lat' dir='ltr'>abstinere</span> <span class='ocrx_word' id='word_1_31' title='bbox 982 1122 1048 1171; x_wconf 93' lang='lat' dir='ltr'>nou</span> <span class='ocrx_word' id='word_1_32' title='bbox 1074 1123 1264 1196; x_wconf 88' lang='lat' dir='ltr'>possumus,</span> <span class='ocrx_word' id='word_1_33' title='bbox 1291 1101 1370 1199; x_wconf 91' lang='lat' dir='ltr'>quin</span> <span class='ocrx_word' id='word_1_34' title='bbox 1396 1102 1475 1176; x_wconf 91' lang='lat' dir='ltr'>viris</span> 
     </span>
     <span class='ocr_line' id='line_1_6' title="bbox 232 1215 1474 1318; baseline 0.003 -30"><span class='ocrx_word' id='word_1_35' title='bbox 232 1215 339 1288; x_wconf 88' lang='lat' dir='ltr'>doctis</span> <span class='ocrx_word' id='word_1_36' title='bbox 366 1226 462 1312; x_wconf 90' lang='lat' dir='ltr'>atque</span> <span class='ocrx_word' id='word_1_37' title='bbox 489 1217 668 1310; x_wconf 80' lang='lat' dir='ltr'>benevolis,</span> <span class='ocrx_word' id='word_1_38' title='bbox 696 1240 837 1314; x_wconf 90' lang='lat' dir='ltr'>quorum</span> <span class='ocrx_word' id='word_1_39' title='bbox 865 1217 1053 1290; x_wconf 76' lang='lat' dir='ltr'>liberalitati</span> <span class='ocrx_word' id='word_1_40' title='bbox 1080 1242 1233 1314; x_wconf 82' lang='lat' dir='ltr'>magnam</span> <span class='ocrx_word' id='word_1_41' title='bbox 1261 1219 1359 1316; x_wconf 89' lang='lat' dir='ltr'>hujus</span> <span class='ocrx_word' id='word_1_42' title='bbox 1377 1245 1474 1318; x_wconf 86' lang='lat' dir='ltr'>appa-</span> 
     </span>
     <span class='ocr_line' id='line_1_7' title="bbox 232 1333 1475 1434; baseline 0.006 -28"><span class='ocrx_word' id='word_1_43' title='bbox 232 1345 323 1406; x_wconf 91' lang='lat' dir='ltr'>ratus</span> <span class='ocrx_word' id='word_1_44' title='bbox 348 1345 474 1432; x_wconf 88' lang='lat' dir='ltr'>partem</span> <span class='ocrx_word' id='word_1_45' title='bbox 501 1333 671 1426; x_wconf 91' lang='lat' dir='ltr'>debemus,</span> <span class='ocrx_word' id='word_1_46' title='bbox 698 1335 821 1429; x_wconf 85' lang='lat' dir='ltr'>gratias</span> <span class='ocrx_word' id='word_1_47' title='bbox 847 1358 983 1430; x_wconf 81' lang='lat' dir='ltr'>agamus</span> <span class='ocrx_word' id='word_1_48' title='bbox 1010 1361 1091 1433; x_wconf 87' lang='lat' dir='ltr'>quas</span> <span class='ocrx_word' id='word_1_49' title='bbox 1111 1361 1288 1434; x_wconf 88' lang='lat' dir='ltr'>possumus</span> <span class='ocrx_word' id='word_1_50' title='bbox 1306 1339 1475 1414; x_wconf 83' lang='lat' dir='ltr'>maximas.</span> 
     </span>
     <span class='ocr_line' id='line_1_8' title="bbox 231 1452 1474 1551; baseline 0.004 -26"><span class='ocrx_word' id='word_1_51' title='bbox 231 1453 428 1526; x_wconf 86' lang='lat' dir='ltr'>Nominasse</span> <span class='ocrx_word' id='word_1_52' title='bbox 464 1452 608 1525; x_wconf 87' lang='lat' dir='ltr'>sufficiat</span> <span class='ocrx_word' id='word_1_53' title='bbox 639 1453 932 1548; x_wconf 80' lang='lat' dir='ltr'>Scymourium</span> <span class='ocrx_word' id='word_1_54' title='bbox 966 1453 1125 1551; x_wconf 84' lang='lat' dir='ltr'>llirlvup</span> <span class='ocrx_word' id='word_1_55' title='bbox 1161 1454 1306 1550; x_wconf 79' lang='lat' dir='ltr'>huglum</span> <span class='ocrx_word' id='word_1_56' title='bbox 1338 1468 1371 1528; x_wconf 90' lang='lat' dir='ltr'>et</span> <span class='ocrx_word' id='word_1_57' title='bbox 1395 1457 1474 1530; x_wconf 89' lang='lat' dir='ltr'>Vo-</span> 
     </span>
     <span class='ocr_line' id='line_1_9' title="bbox 232 1561 1473 1668; baseline 0.004 -25"><span class='ocrx_word' id='word_1_58' title='bbox 232 1573 391 1668; x_wconf 84' lang='lat' dir='ltr'>gelium</span> <span class='ocrx_word' id='word_1_59' title='bbox 422 1572 461 1644; x_wconf 91' lang='lat' dir='ltr'>de</span> <span class='ocrx_word' id='word_1_60' title='bbox 484 1571 737 1667; x_wconf 79' lang='lat' dir='ltr'>Vogelstein</span> <span class='ocrx_word' id='word_1_61' title='bbox 769 1570 1010 1663; x_wconf 87' lang='lat' dir='ltr'>llresdensem,</span> <span class='ocrx_word' id='word_1_62' title='bbox 1046 1572 1310 1668; x_wconf 84' lang='lat' dir='ltr'>elegantissimos</span> <span class='ocrx_word' id='word_1_63' title='bbox 1341 1561 1473 1648; x_wconf 87' lang='lat' dir='ltr'>llantis·</span> 
     </span>
     <span class='ocr_line' id='line_1_10' title="bbox 231 1689 1473 1788; baseline 0.003 -25"><span class='ocrx_word' id='word_1_64' title='bbox 231 1716 295 1788; x_wconf 91' lang='lat' dir='ltr'>que</span> <span class='ocrx_word' id='word_1_65' title='bbox 321 1690 583 1763; x_wconf 87' lang='lat' dir='ltr'>studiosissimos</span> <span class='ocrx_word' id='word_1_66' title='bbox 604 1691 760 1786; x_wconf 88' lang='lat' dir='ltr'>pictores,</span> <span class='ocrx_word' id='word_1_67' title='bbox 776 1689 1055 1762; x_wconf 82' lang='lat' dir='ltr'>Franciscum</span> <span class='ocrx_word' id='word_1_68' title='bbox 1085 1691 1372 1786; x_wconf 82' lang='lat' dir='ltr'>Longhenam,</span> <span class='ocrx_word' id='word_1_69' title='bbox 1393 1693 1473 1767; x_wconf 88' lang='lat' dir='ltr'>Pro·</span> 
     </span>
     <span class='ocr_line' id='line_1_11' title="bbox 231 1808 1472 1902; baseline 0.003 -20"><span class='ocrx_word' id='word_1_70' title='bbox 231 1811 392 1883; x_wconf 77' lang='lat' dir='ltr'>sessorem</span> <span class='ocrx_word' id='word_1_71' title='bbox 409 1809 700 1901; x_wconf 86' lang='lat' dir='ltr'>Mediolanensem,</span> <span class='ocrx_word' id='word_1_72' title='bbox 720 1812 826 1880; x_wconf 88' lang='lat' dir='ltr'>virum</span> <span class='ocrx_word' id='word_1_73' title='bbox 843 1808 1117 1902; x_wconf 90' lang='lat' dir='ltr'>literatissimum,</span> <span class='ocrx_word' id='word_1_74' title='bbox 1143 1820 1176 1881; x_wconf 90' lang='lat' dir='ltr'>et</span> <span class='ocrx_word' id='word_1_75' title='bbox 1198 1810 1367 1884; x_wconf 89' lang='lat' dir='ltr'>Petrum</span> <span class='ocrx_word' id='word_1_76' title='bbox 1388 1812 1472 1886; x_wconf 89' lang='lat' dir='ltr'>hlu-</span> 
     </span>
    </p>
   </div>
   <div class='ocr_carea' id='block_1_3' title="bbox 70 1927 1472 2027">
    <p class='ocr_par' dir='ltr' id='par_1_3' title="bbox 70 1927 1472 2027">
     <span class='ocr_line' id='line_1_12' title="bbox 70 1927 1472 2027; baseline 0.003 -27"><span class='ocrx_word' id='word_1_77' title='bbox 70 2006 72 2019; x_wconf 50' lang='lat'>‚</span> <span class='ocrx_word' id='word_1_78' title='bbox 165 1983 167 1987; x_wconf 28' lang='lat'><strong>⁴</strong></span> <span class='ocrx_word' id='word_1_79' title='bbox 230 1953 361 2024; x_wconf 82' lang='lat' dir='ltr'>gnam,</span> <span class='ocrx_word' id='word_1_80' title='bbox 377 1927 637 2000; x_wconf 90' lang='lat' dir='ltr'>eruditissimum</span> <span class='ocrx_word' id='word_1_81' title='bbox 655 1927 1271 2022; x_wconf 78' lang='lat' dir='ltr'>apudvindobonensesProfessorem,</span> <span class='ocrx_word' id='word_1_82' title='bbox 1287 1955 1352 2027; x_wconf 90' lang='lat' dir='ltr'>quo</span> <span class='ocrx_word' id='word_1_83' title='bbox 1370 1930 1472 2005; x_wconf 88' lang='lat' dir='ltr'>inter·</span> 
     </span>
    </p>
   </div>
   <div class='ocr_carea' id='block_1_4' title="bbox 197 2045 1556 2736">
    <p class='ocr_par' dir='ltr' id='par_1_4' title="bbox 197 2045 1471 2246">
     <span class='ocr_line' id='line_1_13' title="bbox 229 2045 1471 2144; baseline 0.002 -24"><span class='ocrx_word' id='word_1_84' title='bbox 229 2049 367 2120; x_wconf 86' lang='lat' dir='ltr'>cedente</span> <span class='ocrx_word' id='word_1_85' title='bbox 398 2057 586 2142; x_wconf 86' lang='lat' dir='ltr'>postumum</span> <span class='ocrx_word' id='word_1_86' title='bbox 615 2045 726 2138; x_wconf 89' lang='lat' dir='ltr'>ctiam,</span> <span class='ocrx_word' id='word_1_87' title='bbox 751 2046 838 2142; x_wconf 94' lang='lat' dir='ltr'>quod</span> <span class='ocrx_word' id='word_1_88' title='bbox 869 2045 1009 2138; x_wconf 90' lang='lat' dir='ltr'>edimus,</span> <span class='ocrx_word' id='word_1_89' title='bbox 1032 2045 1174 2118; x_wconf 83' lang='lat' dir='ltr'>Pnzzuc</span> <span class='ocrx_word' id='word_1_90' title='bbox 1200 2071 1284 2144; x_wconf 87' lang='lat' dir='ltr'>opus</span> <span class='ocrx_word' id='word_1_91' title='bbox 1317 2049 1471 2123; x_wconf 91' lang='lat' dir='ltr'>manibus</span> 
     </span>
     <span class='ocr_line' id='line_1_14' title="bbox 197 2165 669 2246; baseline -0.008 -8"><span class='ocrx_word' id='word_1_92' title='bbox 197 2241 200 2246; x_wconf 62' lang='grc'>,</span> <span class='ocrx_word' id='word_1_93' title='bbox 228 2166 351 2238; x_wconf 90' lang='lat' dir='ltr'>nostris</span> <span class='ocrx_word' id='word_1_94' title='bbox 374 2165 587 2236; x_wconf 89' lang='lat' dir='ltr'>commissum</span> <span class='ocrx_word' id='word_1_95' title='bbox 609 2171 669 2235; x_wconf 90' lang='lat' dir='ltr'>est.</span> 
     </span>
    </p>

    <p class='ocr_par' dir='ltr' id='par_1_5' title="bbox 224 2281 1556 2736">
     <span class='ocr_line' id='line_1_15' title="bbox 329 2281 1469 2381; baseline 0.005 -27"><span class='ocrx_word' id='word_1_96' title='bbox 329 2283 476 2355; x_wconf 89' lang='lat' dir='ltr'>Primum</span> <span class='ocrx_word' id='word_1_97' title='bbox 504 2306 582 2353; x_wconf 91' lang='lat' dir='ltr'>vero</span> <span class='ocrx_word' id='word_1_98' title='bbox 608 2282 695 2354; x_wconf 91' lang='lat' dir='ltr'>inter</span> <span class='ocrx_word' id='word_1_99' title='bbox 725 2282 825 2353; x_wconf 88' lang='lat' dir='ltr'>hasce</span> <span class='ocrx_word' id='word_1_100' title='bbox 858 2281 1092 2354; x_wconf 84' lang='lat' dir='ltr'>conversiones</span> <span class='ocrx_word' id='word_1_101' title='bbox 1121 2283 1231 2355; x_wconf 93' lang='lat' dir='ltr'>locum</span> <span class='ocrx_word' id='word_1_102' title='bbox 1262 2308 1301 2356; x_wconf 88' lang='lat' dir='ltr'>ca</span> <span class='ocrx_word' id='word_1_103' title='bbox 1331 2285 1469 2381; x_wconf 89' lang='lat' dir='ltr'>obtinet,</span> 
     </span>
     <span class='ocr_line' id='line_1_16' title="bbox 227 2385 1556 2502; baseline 0.004 -28"><span class='ocrx_word' id='word_1_104' title='bbox 227 2427 325 2500; x_wconf 91' lang='lat' dir='ltr'>quam</span> <span class='ocrx_word' id='word_1_105' title='bbox 355 2385 559 2473; x_wconf 78' lang='lat' dir='ltr'>blarrumus</span> <span class='ocrx_word' id='word_1_106' title='bbox 589 2399 742 2490; x_wconf 88' lang='lat' dir='ltr'>Rouvus,</span> <span class='ocrx_word' id='word_1_107' title='bbox 773 2399 955 2473; x_wconf 89' lang='lat' dir='ltr'>monachus</span> <span class='ocrx_word' id='word_1_108' title='bbox 981 2401 1181 2492; x_wconf 86' lang='lat' dir='ltr'>Olivetanus,</span> <span class='ocrx_word' id='word_1_109' title='bbox 1210 2411 1326 2498; x_wconf 88' lang='lat' dir='ltr'>poetae</span> <span class='ocrx_word' id='word_1_110' title='bbox 1351 2429 1470 2502; x_wconf 88' lang='lat' dir='ltr'>aequa·</span> <span class='ocrx_word' id='word_1_111' title='bbox 1552 2437 1556 2448; x_wconf 92' lang='lat'><strong>·</strong></span> 
     </span>
     <span class='ocr_line' id='line_1_17' title="bbox 225 2517 1469 2622; baseline 0.003 -29"><span class='ocrx_word' id='word_1_112' title='bbox 225 2522 267 2594; x_wconf 95' lang='lat' dir='ltr'>lis</span> <span class='ocrx_word' id='word_1_113' title='bbox 299 2527 340 2610; x_wconf 70' lang='grc' dir='ltr'>(Τ</span> <span class='ocrx_word' id='word_1_114' title='bbox 369 2521 501 2615; x_wconf 74' lang='lat'>13413),</span> <span class='ocrx_word' id='word_1_115' title='bbox 533 2519 776 2616; x_wconf 61' lang='lat' dir='ltr'>composuitt).</span> <span class='ocrx_word' id='word_1_116' title='bbox 828 2519 878 2590; x_wconf 82' lang='lat' dir='ltr'>Ex</span> <span class='ocrx_word' id='word_1_117' title='bbox 909 2519 1022 2592; x_wconf 91' lang='lat' dir='ltr'>codice</span> <span class='ocrx_word' id='word_1_118' title='bbox 1051 2517 1421 2622; x_wconf 57' lang='lat' dir='ltr'>Magriabnctianosst</span> <span class='ocrx_word' id='word_1_119' title='bbox 1450 2551 1469 2597; x_wconf 90' lang='lat' dir='ltr'>a</span> 
     </span>
     <span class='ocr_line' id='line_1_18' title="bbox 224 2627 1315 2736; baseline -0.004 -24"><span class='ocrx_word' id='word_1_120' title='bbox 224 2639 434 2736; x_wconf 86' lang='lat' dir='ltr'>Kirkupio</span> <span class='ocrx_word' id='word_1_121' title='bbox 460 2637 706 2710; x_wconf 87' lang='lat' dir='ltr'>accuratissime</span> <span class='ocrx_word' id='word_1_122' title='bbox 730 2637 893 2736; x_wconf 81' lang='lat' dir='ltr'>exscripta</span> <span class='ocrx_word' id='word_1_123' title='bbox 919 2638 1002 2711; x_wconf 88' lang='lat' dir='ltr'>baec</span> <span class='ocrx_word' id='word_1_124' title='bbox 1029 2649 1099 2710; x_wconf 91' lang='lat' dir='ltr'>est:</span> <span class='ocrx_word' id='word_1_125' title='bbox 1310 2627 1315 2638; x_wconf 70' lang='grc'>’</span> 
     </span>
    </p>
   </div>
   <div class='ocr_carea' id='block_1_5' title="bbox 558 2873 1055 2962">
    <p class='ocr_par' dir='ltr' id='par_1_6' title="bbox 558 2873 1055 2962">
     <span class='ocr_line' id='line_1_19' title="bbox 558 2873 1055 2962; baseline 0.004 -28"><span class='ocrx_word' id='word_1_126' title='bbox 558 2951 562 2962; x_wconf 38' lang='grc'>,</span> <span class='ocrx_word' id='word_1_127' title='bbox 640 2873 821 2936; x_wconf 86' lang='lat' dir='ltr'>rnruuu.</span> <span class='ocrx_word' id='word_1_128' title='bbox 844 2874 940 2948; x_wconf 78' lang='lat' dir='ltr'>vva</span> <span class='ocrx_word' id='word_1_129' title='bbox 965 2893 1055 2943; x_wconf 70' lang='lat' dir='ltr'>saon.</span> 
     </span>
    </p>
   </div>
   <div class='ocr_carea' id='block_1_6' title="bbox 293 3017 1282 4216">
    <p class='ocr_par' dir='ltr' id='par_1_7' title="bbox 293 3017 1282 4216">
     <span class='ocr_line' id='line_1_20' title="bbox 346 3017 1150 3106; baseline -0.002 -17"><span class='ocrx_word' id='word_1_130' title='bbox 346 3029 451 3090; x_wconf 84' lang='lat' dir='ltr'>llicere</span> <span class='ocrx_word' id='word_1_131' title='bbox 475 3035 545 3088; x_wconf 90' lang='lat' dir='ltr'>tunc</span> <span class='ocrx_word' id='word_1_132' title='bbox 568 3017 663 3106; x_wconf 90' lang='lat' dir='ltr'>coepi,</span> <span class='ocrx_word' id='word_1_133' title='bbox 686 3034 768 3087; x_wconf 85' lang='lat' dir='ltr'>vates</span> <span class='ocrx_word' id='word_1_134' title='bbox 792 3045 809 3086; x_wconf 92' lang='lat' dir='ltr'>o</span> <span class='ocrx_word' id='word_1_135' title='bbox 833 3025 911 3087; x_wconf 87' lang='lat' dir='ltr'>clare</span> <span class='ocrx_word' id='word_1_136' title='bbox 922 3028 998 3102; x_wconf 62' lang='lat' dir='ltr'>m),</span> <span class='ocrx_word' id='word_1_137' title='bbox 1021 3025 1150 3088; x_wconf 85' lang='lat' dir='ltr'>libenter</span> 
     </span>
     <span class='ocr_line' id='line_1_21' title="bbox 388 3125 1242 3208; baseline -0.002 -18"><span class='ocrx_word' id='word_1_138' title='bbox 388 3129 501 3208; x_wconf 85' lang='lat' dir='ltr'>Nempe</span> <span class='ocrx_word' id='word_1_139' title='bbox 525 3127 639 3188; x_wconf 82' lang='lat' dir='ltr'>duabus</span> <span class='ocrx_word' id='word_1_140' title='bbox 662 3127 716 3201; x_wconf 90' lang='lat' dir='ltr'>eis,</span> <span class='ocrx_word' id='word_1_141' title='bbox 740 3137 850 3188; x_wconf 90' lang='lat' dir='ltr'>coeunt</span> <span class='ocrx_word' id='word_1_142' title='bbox 871 3146 956 3207; x_wconf 84' lang='lat' dir='ltr'>quae,</span> <span class='ocrx_word' id='word_1_143' title='bbox 978 3125 1068 3188; x_wconf 88' lang='lat' dir='ltr'>verba</span> <span class='ocrx_word' id='word_1_144' title='bbox 1089 3128 1242 3201; x_wconf 81' lang='lat' dir='ltr'>referrem,</span> 
     </span>
     <span class='ocr_line' id='line_1_22' title="bbox 295 3227 1226 3309; baseline -0.001 -18"><span class='ocrx_word' id='word_1_145' title='bbox 295 3248 329 3304; x_wconf 67' lang='lat'>75</span> <span class='ocrx_word' id='word_1_146' title='bbox 389 3229 438 3291; x_wconf 93' lang='lat' dir='ltr'>Sic</span> <span class='ocrx_word' id='word_1_147' title='bbox 461 3229 548 3290; x_wconf 90' lang='lat' dir='ltr'>etad</span> <span class='ocrx_word' id='word_1_148' title='bbox 571 3228 600 3289; x_wconf 92' lang='lat' dir='ltr'>id</span> <span class='ocrx_word' id='word_1_149' title='bbox 623 3229 731 3290; x_wconf 86' lang='lat' dir='ltr'>flamen</span> <span class='ocrx_word' id='word_1_150' title='bbox 753 3228 858 3290; x_wconf 84' lang='lat' dir='ltr'>faciles</span> <span class='ocrx_word' id='word_1_151' title='bbox 881 3248 958 3309; x_wconf 89' lang='lat' dir='ltr'>quae</span> <span class='ocrx_word' id='word_1_152' title='bbox 981 3237 1059 3289; x_wconf 88' lang='lat' dir='ltr'>stare</span> <span class='ocrx_word' id='word_1_153' title='bbox 1080 3227 1226 3291; x_wconf 90' lang='lat' dir='ltr'>videntur.</span> 
     </span>
     <span class='ocr_line' id='line_1_23' title="bbox 344 3327 1186 3408; baseline -0.001 -16"><span class='ocrx_word' id='word_1_154' title='bbox 344 3339 387 3392; x_wconf 85' lang='lat' dir='ltr'>Ac</span> <span class='ocrx_word' id='word_1_155' title='bbox 408 3329 450 3392; x_wconf 90' lang='lat' dir='ltr'>ait</span> <span class='ocrx_word' id='word_1_156' title='bbox 470 3329 520 3390; x_wconf 87' lang='lat' dir='ltr'>ille</span> <span class='ocrx_word' id='word_1_157' title='bbox 541 3328 624 3402; x_wconf 87' lang='lat' dir='ltr'>mibi,</span> <span class='ocrx_word' id='word_1_158' title='bbox 648 3329 690 3390; x_wconf 92' lang='lat' dir='ltr'>sis</span> <span class='ocrx_word' id='word_1_159' title='bbox 713 3337 825 3402; x_wconf 88' lang='lat' dir='ltr'>cautus,</span> <span class='ocrx_word' id='word_1_160' title='bbox 850 3329 969 3408; x_wconf 85' lang='lat' dir='ltr'>quando</span> <span class='ocrx_word' id='word_1_161' title='bbox 990 3327 1186 3408; x_wconf 88' lang='lat' dir='ltr'>propinquas,</span> 
     </span>
     <span class='ocr_line' id='line_1_24' title="bbox 387 3429 1170 3507; baseline -0.005 -14"><span class='ocrx_word' id='word_1_162' title='bbox 387 3432 448 3493; x_wconf 86' lang='lat' dir='ltr'>llae</span> <span class='ocrx_word' id='word_1_163' title='bbox 469 3430 563 3506; x_wconf 80' lang='lat' dir='ltr'>magis</span> <span class='ocrx_word' id='word_1_164' title='bbox 587 3429 719 3491; x_wconf 88' lang='lat' dir='ltr'>efficient</span> <span class='ocrx_word' id='word_1_165' title='bbox 740 3449 772 3490; x_wconf 85' lang='lat' dir='ltr'>se</span> <span class='ocrx_word' id='word_1_166' title='bbox 794 3429 892 3501; x_wconf 85' lang='lat' dir='ltr'>nobis,</span> <span class='ocrx_word' id='word_1_167' title='bbox 915 3437 1044 3507; x_wconf 88' lang='lat' dir='ltr'>tuncque</span> <span class='ocrx_word' id='word_1_168' title='bbox 1066 3436 1170 3506; x_wconf 83' lang='lat' dir='ltr'>rogato</span> 
     </span>
     <span class='ocr_line' id='line_1_25' title="bbox 387 3528 1282 3610; baseline -0.003 -17"><span class='ocrx_word' id='word_1_169' title='bbox 387 3532 526 3609; x_wconf 84' lang='lat' dir='ltr'>Quem†)</span> <span class='ocrx_word' id='word_1_170' title='bbox 549 3531 629 3592; x_wconf 90' lang='lat' dir='ltr'>vehit</span> <span class='ocrx_word' id='word_1_171' title='bbox 650 3530 717 3609; x_wconf 80' lang='lat' dir='ltr'>igne</span> <span class='ocrx_word' id='word_1_172' title='bbox 740 3531 812 3591; x_wconf 88' lang='lat' dir='ltr'>duas</span> <span class='ocrx_word' id='word_1_173' title='bbox 835 3530 926 3610; x_wconf 84' lang='lat' dir='ltr'>ipsas,</span> <span class='ocrx_word' id='word_1_174' title='bbox 948 3528 1127 3608; x_wconf 86' lang='lat' dir='ltr'>venientque</span> <span class='ocrx_word' id='word_1_175' title='bbox 1151 3537 1282 3609; x_wconf 88' lang='lat' dir='ltr'>repente,</span> 
     </span>
     <span class='ocr_line' id='line_1_26' title="bbox 345 3629 1106 3709; baseline -0.005 -13"><span class='ocrx_word' id='word_1_176' title='bbox 345 3634 440 3707; x_wconf 84' lang='lat' dir='ltr'>Quam</span> <span class='ocrx_word' id='word_1_177' title='bbox 461 3633 520 3694; x_wconf 91' lang='lat' dir='ltr'>cito</span> <span class='ocrx_word' id='word_1_178' title='bbox 543 3631 637 3694; x_wconf 87' lang='lat' dir='ltr'>tlcctit</span> <span class='ocrx_word' id='word_1_179' title='bbox 658 3651 709 3694; x_wconf 89' lang='lat' dir='ltr'>eas</span> <span class='ocrx_word' id='word_1_180' title='bbox 731 3631 767 3694; x_wconf 88' lang='lat' dir='ltr'>ad</span> <span class='ocrx_word' id='word_1_181' title='bbox 790 3649 845 3692; x_wconf 93' lang='lat' dir='ltr'>nos</span> <span class='ocrx_word' id='word_1_182' title='bbox 868 3629 1007 3709; x_wconf 66' lang='lat' dir='ltr'>caliginis,</span> <span class='ocrx_word' id='word_1_183' title='bbox 1026 3649 1106 3705; x_wconf 88' lang='lat' dir='ltr'>aura.</span> 
     </span>
     <span class='ocr_line' id='line_1_27' title="bbox 293 3731 1260 3812; baseline -0.01 -10"><span class='ocrx_word' id='word_1_184' title='bbox 293 3751 326 3802; x_wconf 76' lang='lat'>80</span> <span class='ocrx_word' id='word_1_185' title='bbox 386 3736 476 3808; x_wconf 87' lang='lat' dir='ltr'>Heus,</span> <span class='ocrx_word' id='word_1_186' title='bbox 500 3733 587 3795; x_wconf 91' lang='lat' dir='ltr'>sonui</span> <span class='ocrx_word' id='word_1_187' title='bbox 608 3733 752 3807; x_wconf 91' lang='lat' dir='ltr'>vocitans,</span> <span class='ocrx_word' id='word_1_188' title='bbox 776 3732 890 3796; x_wconf 89' lang='lat' dir='ltr'>animae</span> <span class='ocrx_word' id='word_1_189' title='bbox 912 3750 967 3812; x_wconf 91' lang='lat' dir='ltr'>per</span> <span class='ocrx_word' id='word_1_190' title='bbox 988 3750 1109 3812; x_wconf 87' lang='lat' dir='ltr'>semper</span> <span class='ocrx_word' id='word_1_191' title='bbox 1128 3731 1260 3806; x_wconf 84' lang='lat' dir='ltr'>anhelae,</span> 
     </span>
     <span class='ocr_line' id='line_1_28' title="bbox 387 3829 1147 3916; baseline -0.003 -20"><span class='ocrx_word' id='word_1_192' title='bbox 387 3836 456 3908; x_wconf 88' lang='lat' dir='ltr'>Oro,</span> <span class='ocrx_word' id='word_1_193' title='bbox 479 3829 578 3896; x_wconf 90' lang='lat' dir='ltr'>venite</span> <span class='ocrx_word' id='word_1_194' title='bbox 600 3835 683 3916; x_wconf 90' lang='lat' dir='ltr'>loqui</span> <span class='ocrx_word' id='word_1_195' title='bbox 705 3835 804 3908; x_wconf 91' lang='lat' dir='ltr'>nobis,</span> <span class='ocrx_word' id='word_1_196' title='bbox 826 3833 886 3895; x_wconf 91' lang='lat' dir='ltr'>nisi</span> <span class='ocrx_word' id='word_1_197' title='bbox 909 3834 1036 3912; x_wconf 83' lang='lat' dir='ltr'>deneget</span> <span class='ocrx_word' id='word_1_198' title='bbox 1057 3832 1147 3896; x_wconf 83' lang='lat' dir='ltr'>alter!</span> 
     </span>
     <span class='ocr_line' id='line_1_29' title="bbox 343 3933 1033 4015; baseline -0.003 -17"><span class='ocrx_word' id='word_1_199' title='bbox 343 3936 477 4010; x_wconf 84' lang='lat' dir='ltr'>Qualiter</span> <span class='ocrx_word' id='word_1_200' title='bbox 498 3955 514 3997; x_wconf 90' lang='lat' dir='ltr'>a</span> <span class='ocrx_word' id='word_1_201' title='bbox 537 3944 605 3998; x_wconf 91' lang='lat' dir='ltr'>voto</span> <span class='ocrx_word' id='word_1_202' title='bbox 628 3935 794 4015; x_wconf 83' lang='lat' dir='ltr'>genitorum</span> <span class='ocrx_word' id='word_1_203' title='bbox 817 3934 874 3996; x_wconf 90' lang='lat' dir='ltr'>cita</span> <span class='ocrx_word' id='word_1_204' title='bbox 896 3933 1033 3996; x_wconf 91' lang='lat' dir='ltr'>columba</span> 
     </span>
     <span class='ocr_line' id='line_1_30' title="bbox 383 4035 1116 4117; baseline -0.004 -18"><span class='ocrx_word' id='word_1_205' title='bbox 383 4038 505 4100; x_wconf 79' lang='lat' dir='ltr'>Advolat</span> <span class='ocrx_word' id='word_1_206' title='bbox 527 4038 564 4098; x_wconf 89' lang='lat' dir='ltr'>ad</span> <span class='ocrx_word' id='word_1_207' title='bbox 586 4037 688 4098; x_wconf 90' lang='lat' dir='ltr'>nidum</span> <span class='ocrx_word' id='word_1_208' title='bbox 709 4037 840 4117; x_wconf 84' lang='lat' dir='ltr'>lepidum</span> <span class='ocrx_word' id='word_1_209' title='bbox 863 4035 1038 4098; x_wconf 89' lang='lat' dir='ltr'>sublimibus</span> <span class='ocrx_word' id='word_1_210' title='bbox 1060 4035 1116 4097; x_wconf 83' lang='lat' dir='ltr'>alis</span> 
     </span>
     <span class='ocr_line' id='line_1_31' title="bbox 382 4134 1114 4216; baseline -0.01 -16"><span class='ocrx_word' id='word_1_211' title='bbox 382 4139 420 4200; x_wconf 79' lang='lat' dir='ltr'>lit</span> <span class='ocrx_word' id='word_1_212' title='bbox 442 4138 555 4212; x_wconf 90' lang='lat' dir='ltr'>solidis,</span> <span class='ocrx_word' id='word_1_213' title='bbox 580 4159 597 4200; x_wconf 89' lang='lat' dir='ltr'>a</span> <span class='ocrx_word' id='word_1_214' title='bbox 616 4137 692 4200; x_wconf 88' lang='lat' dir='ltr'>velle</span> <span class='ocrx_word' id='word_1_215' title='bbox 715 4156 770 4198; x_wconf 91' lang='lat' dir='ltr'>suo</span> <span class='ocrx_word' id='word_1_216' title='bbox 793 4135 914 4198; x_wconf 88' lang='lat' dir='ltr'>devecta</span> <span class='ocrx_word' id='word_1_217' title='bbox 937 4154 993 4216; x_wconf 89' lang='lat' dir='ltr'>per</span> <span class='ocrx_word' id='word_1_218' title='bbox 1012 4134 1114 4208; x_wconf 90' lang='lat' dir='ltr'>altum,</span> 
     </span>
    </p>
   </div>
   <div class='ocr_carea' id='block_1_7' title="bbox 284 4318 1014 4472">
    <p class='ocr_par' dir='ltr' id='par_1_8' title="bbox 284 4318 1014 4472">
     <span class='ocr_line' id='line_1_32' title="bbox 284 4318 1000 4388; baseline -0.01 -12"><span class='ocrx_word' id='word_1_219' title='bbox 284 4325 310 4388; x_wconf 88' lang='grc'>*)</span> <span class='ocrx_word' id='word_1_220' title='bbox 328 4326 385 4375; x_wconf 86' lang='lat' dir='ltr'>llide</span> <span class='ocrx_word' id='word_1_221' title='bbox 403 4325 593 4376; x_wconf 77' lang='lat' dir='ltr'>columbum</span> <span class='ocrx_word' id='word_1_222' title='bbox 611 4323 813 4374; x_wconf 79' lang='lat' dir='ltr'>Retinensem</span> <span class='ocrx_word' id='word_1_223' title='bbox 830 4337 855 4386; x_wconf 84' lang='lat' dir='ltr'>p.</span> <span class='ocrx_word' id='word_1_224' title='bbox 875 4318 1000 4370; x_wconf 77' lang='lat' dir='ltr'>rat-43.</span> 
     </span>
     <span class='ocr_line' id='line_1_33' title="bbox 284 4405 1014 4472; baseline -0.016 -10"><span class='ocrx_word' id='word_1_225' title='bbox 284 4409 325 4472; x_wconf 81' lang='lat'>**)</span> <span class='ocrx_word' id='word_1_226' title='bbox 344 4411 380 4460; x_wconf 83' lang='lat' dir='ltr'>lv.</span> <span class='ocrx_word' id='word_1_227' title='bbox 398 4409 438 4460; x_wconf 73' lang='grc'>82.</span> <span class='ocrx_word' id='word_1_228' title='bbox 457 4410 589 4460; x_wconf 86' lang='lat' dir='ltr'>Colomb</span> <span class='ocrx_word' id='word_1_229' title='bbox 608 4410 641 4459; x_wconf 87' lang='lat' dir='ltr'>de</span> <span class='ocrx_word' id='word_1_230' title='bbox 659 4409 792 4458; x_wconf 83' lang='lat' dir='ltr'>Ratincs</span> <span class='ocrx_word' id='word_1_231' title='bbox 810 4423 834 4471; x_wconf 85' lang='lat' dir='ltr'>p.</span> <span class='ocrx_word' id='word_1_232' title='bbox 853 4405 911 4456; x_wconf 82' lang='lat'>240.</span> <span class='ocrx_word' id='word_1_233' title='bbox 1012 4411 1014 4414; x_wconf 85' lang='grc'><strong><em>·</em></strong></span> 
     </span>
    </p>
   </div>
   <div class='ocr_carea' id='block_1_8' title="bbox 282 4494 1138 4644">
    <p class='ocr_par' dir='ltr' id='par_1_9' title="bbox 282 4494 1138 4644">
     <span class='ocr_line' id='line_1_34' title="bbox 282 4494 500 4557; baseline -0.005 -12"><span class='ocrx_word' id='word_1_234' title='bbox 282 4494 341 4557; x_wconf 80' lang='grc'>***)</span> <span class='ocrx_word' id='word_1_235' title='bbox 360 4495 419 4545; x_wconf 89' lang='lat' dir='ltr'>Cod.</span> <span class='ocrx_word' id='word_1_236' title='bbox 437 4497 500 4545; x_wconf 82' lang='lat' dir='ltr'>dare.</span> 
     </span>
     <span class='ocr_line' id='line_1_35' title="bbox 283 4572 1138 4644; baseline -0.007 -12"><span class='ocrx_word' id='word_1_237' title='bbox 283 4580 315 4643; x_wconf 82' lang='lat'>†)</span> <span class='ocrx_word' id='word_1_238' title='bbox 332 4581 373 4631; x_wconf 84' lang='lat' dir='ltr'>Per</span> <span class='ocrx_word' id='word_1_239' title='bbox 390 4587 523 4644; x_wconf 74' lang='lat' dir='ltr'>coemerat</span> <span class='ocrx_word' id='word_1_240' title='bbox 541 4578 677 4639; x_wconf 87' lang='lat' dir='ltr'>dicendum,</span> <span class='ocrx_word' id='word_1_241' title='bbox 697 4576 739 4628; x_wconf 84' lang='lat' dir='ltr'>scd</span> <span class='ocrx_word' id='word_1_242' title='bbox 758 4577 848 4626; x_wconf 84' lang='lat' dir='ltr'>obstitit</span> <span class='ocrx_word' id='word_1_243' title='bbox 867 4588 981 4625; x_wconf 84' lang='lat' dir='ltr'>numerus</span> <span class='ocrx_word' id='word_1_244' title='bbox 999 4572 1138 4626; x_wconf 81' lang='lat' dir='ltr'>hexametri.</span> 
     </span>
    </p>
   </div>
   <div class='ocr_carea' id='block_1_9' title="bbox 0 0 1686 5414">
    <p class='ocr_par' dir='ltr' id='par_1_10' title="bbox 0 0 1686 5414">
     <span class='ocr_line' id='line_1_36' title="bbox 0 0 1686 5414; baseline 0 5"><span class='ocrx_word' id='word_1_245' title='bbox 0 0 1686 5414; x_wconf 95' lang='lat' dir='ltr'> </span> 
     </span>
    </p>
   </div>
  </div>
 </body>
</html>
