<?xml version="1.0" encoding="UTF-8"?>
<!DOCTYPE html PUBLIC "-//W3C//DTD XHTML 1.0 Transitional//EN"
    "http://www.w3.org/TR/xhtml1/DTD/xhtml1-transitional.dtd">
<html xmlns="http://www.w3.org/1999/xhtml" xml:lang="en" lang="en">
 <head>
  <title>
</title>
<meta http-equiv="Content-Type" content="text/html;charset=utf-8" />
  <meta name='ocr-system' content='tesseract 3.04.00' />
  <meta name='ocr-capabilities' content='ocr_page ocr_carea ocr_par ocr_line ocrx_word'/>
</head>
<body>
  <div class='ocr_page' id='page_1' title='image "./divinacomoedia01piazgoog_0098.png"; bbox 0 0 3236 5394; ppageno 0'>
   <div class='ocr_carea' id='block_1_1' title="bbox 615 597 864 648">
    <p class='ocr_par' dir='ltr' id='par_1_1' title="bbox 615 597 864 648">
     <span class='ocr_line' id='line_1_1' title="bbox 615 597 864 648; baseline 0 0"><span class='ocrx_word' id='word_1_1' title='bbox 615 597 809 648; x_wconf 72' lang='lat' dir='ltr'><strong>mrsuuotttttt</strong></span> <span class='ocrx_word' id='word_1_2' title='bbox 827 599 864 648; x_wconf 82' lang='lat' dir='ltr'><strong>xl.</strong></span> 
     </span>
    </p>
   </div>
   <div class='ocr_carea' id='block_1_2' title="bbox 179 789 1285 4638">
    <p class='ocr_par' dir='ltr' id='par_1_2' title="bbox 179 789 1285 4638">
     <span class='ocr_line' id='line_1_2' title="bbox 206 789 1110 898; baseline -0.001 -17"><span class='ocrx_word' id='word_1_3' title='bbox 206 818 363 890; x_wconf 71' lang='lat' dir='ltr'><strong>stillato,</strong></span> <span class='ocrx_word' id='word_1_4' title='bbox 385 815 518 881; x_wconf 74' lang='lat' dir='ltr'><strong>barathri</strong></span> <span class='ocrx_word' id='word_1_5' title='bbox 539 833 630 896; x_wconf 82' lang='lat' dir='ltr'><strong>quem</strong></span> <span class='ocrx_word' id='word_1_6' title='bbox 650 823 786 881; x_wconf 71' lang='lat' dir='ltr'><strong>uncum</strong></span> <span class='ocrx_word' id='word_1_7' title='bbox 808 815 937 880; x_wconf 76' lang='lat' dir='ltr'><strong>claustra</strong></span> <span class='ocrx_word' id='word_1_8' title='bbox 959 789 1110 898; x_wconf 74' lang='lat' dir='ltr'><strong>predandi,</strong></span> 
     </span>
     <span class='ocr_line' id='line_1_3' title="bbox 240 925 1034 1008; baseline 0.003 -20"><span class='ocrx_word' id='word_1_9' title='bbox 240 927 283 989; x_wconf 81' lang='lat' dir='ltr'><strong>dd</strong></span> <span class='ocrx_word' id='word_1_10' title='bbox 305 925 573 1008; x_wconf 78' lang='lat' dir='ltr'><strong>superimpendens</strong></span> <span class='ocrx_word' id='word_1_11' title='bbox 595 925 717 990; x_wconf 84' lang='lat' dir='ltr'><strong>immani</strong></span> <span class='ocrx_word' id='word_1_12' title='bbox 739 925 921 989; x_wconf 84' lang='lat' dir='ltr'><strong>accessimus</strong></span> <span class='ocrx_word' id='word_1_13' title='bbox 942 945 1034 992; x_wconf 87' lang='lat' dir='ltr'><strong>urnae</strong></span> 
     </span>
     <span class='ocr_line' id='line_1_4' title="bbox 242 1035 1192 1115; baseline 0.004 -18"><span class='ocrx_word' id='word_1_14' title='bbox 242 1037 386 1115; x_wconf 67' lang='lat' dir='ltr'><strong>&#39;reginem</strong></span> <span class='ocrx_word' id='word_1_15' title='bbox 409 1035 461 1097; x_wconf 87' lang='lat' dir='ltr'><strong>ubi</strong></span> <span class='ocrx_word' id='word_1_16' title='bbox 483 1036 583 1113; x_wconf 88' lang='lat' dir='ltr'><strong>legere</strong></span> <span class='ocrx_word' id='word_1_17' title='bbox 605 1047 669 1098; x_wconf 88' lang='lat' dir='ltr'><strong>est:</strong></span> <span class='ocrx_word' id='word_1_18' title='bbox 691 1035 748 1098; x_wconf 89' lang='lat' dir='ltr'><strong>Hic</strong></span> <span class='ocrx_word' id='word_1_19' title='bbox 769 1035 881 1114; x_wconf 86' lang='lat' dir='ltr'><strong>Papam</strong></span> <span class='ocrx_word' id='word_1_20' title='bbox 903 1036 1089 1100; x_wconf 72' lang='lat' dir='ltr'><strong>Aursrmtnu</strong></span> <span class='ocrx_word' id='word_1_21' title='bbox 1112 1037 1192 1101; x_wconf 74' lang='lat' dir='ltr'><strong>incus</strong></span> 
     </span>
     <span class='ocr_line' id='line_1_5' title="bbox 242 1145 1016 1226; baseline 0 -18"><span class='ocrx_word' id='word_1_22' title='bbox 242 1147 348 1219; x_wconf 86' lang='lat' dir='ltr'><strong>Servo,</strong></span> <span class='ocrx_word' id='word_1_23' title='bbox 372 1147 523 1208; x_wconf 81' lang='lat' dir='ltr'><strong>Pnonrnus</strong></span> <span class='ocrx_word' id='word_1_24' title='bbox 547 1165 635 1226; x_wconf 84' lang='lat' dir='ltr'><strong>quern</strong></span> <span class='ocrx_word' id='word_1_25' title='bbox 656 1145 763 1212; x_wconf 85' lang='lat' dir='ltr'><strong>avertit</strong></span> <span class='ocrx_word' id='word_1_26' title='bbox 783 1145 902 1210; x_wconf 74' lang='lat' dir='ltr'><strong>tramite</strong></span> <span class='ocrx_word' id='word_1_27' title='bbox 924 1155 1016 1210; x_wconf 85' lang='lat' dir='ltr'><strong>recto.</strong></span> 
     </span>
     <span class='ocr_line' id='line_1_6' title="bbox 281 1255 1285 1336; baseline -0.002 -18"><span class='ocrx_word' id='word_1_28' title='bbox 281 1257 367 1318; x_wconf 88' lang='lat' dir='ltr'><strong>Nune</strong></span> <span class='ocrx_word' id='word_1_29' title='bbox 388 1255 631 1318; x_wconf 88' lang='lat' dir='ltr'><strong>descendendum</strong></span> <span class='ocrx_word' id='word_1_30' title='bbox 653 1262 699 1316; x_wconf 89' lang='lat' dir='ltr'><strong>est</strong></span> <span class='ocrx_word' id='word_1_31' title='bbox 720 1255 819 1328; x_wconf 82' lang='lat' dir='ltr'><strong>tarde,</strong></span> <span class='ocrx_word' id='word_1_32' title='bbox 842 1263 876 1316; x_wconf 91' lang='lat' dir='ltr'><strong>ut</strong></span> <span class='ocrx_word' id='word_1_33' title='bbox 896 1255 1048 1318; x_wconf 85' lang='lat' dir='ltr'><strong>modicum</strong></span> <span class='ocrx_word' id='word_1_34' title='bbox 1070 1263 1138 1318; x_wconf 90' lang='lat' dir='ltr'><strong>ante</strong></span> <span class='ocrx_word' id='word_1_35' title='bbox 1158 1255 1285 1336; x_wconf 87' lang='lat' dir='ltr'><strong>mephiti</strong></span> 
     </span>
     <span class='ocr_line' id='line_1_7' title="bbox 191 1364 991 1444; baseline 0 -18"><span class='ocrx_word' id='word_1_36' title='bbox 191 1383 223 1434; x_wconf 77' lang='grc' dir='ltr'><strong>ιο</strong></span> <span class='ocrx_word' id='word_1_37' title='bbox 241 1365 339 1427; x_wconf 83' lang='lat' dir='ltr'>Triste</span> <span class='ocrx_word' id='word_1_38' title='bbox 362 1365 510 1429; x_wconf 81' lang='lat' dir='ltr'><strong>exhalanti</strong></span> <span class='ocrx_word' id='word_1_39' title='bbox 531 1383 639 1426; x_wconf 81' lang='lat' dir='ltr'><strong>sensus</strong></span> <span class='ocrx_word' id='word_1_40' title='bbox 659 1383 835 1428; x_wconf 70' lang='lat' dir='ltr'><strong>assuescere</strong></span> <span class='ocrx_word' id='word_1_41' title='bbox 857 1364 991 1444; x_wconf 76' lang='lat' dir='ltr'><strong>possint3</strong></span> 
     </span>
     <span class='ocr_line' id='line_1_8' title="bbox 240 1474 1081 1554; baseline 0 -18"><span class='ocrx_word' id='word_1_42' title='bbox 240 1475 315 1538; x_wconf 87' lang='lat' dir='ltr'><strong>Dein</strong></span> <span class='ocrx_word' id='word_1_43' title='bbox 336 1492 495 1554; x_wconf 85' lang='lat' dir='ltr'><strong>pergemus</strong></span> <span class='ocrx_word' id='word_1_44' title='bbox 517 1475 577 1539; x_wconf 89' lang='lat' dir='ltr'><strong>iter</strong></span> <span class='ocrx_word' id='word_1_45' title='bbox 598 1474 708 1539; x_wconf 83' lang='lat' dir='ltr'><strong>securi.</strong></span> <span class='ocrx_word' id='word_1_46' title='bbox 750 1475 832 1538; x_wconf 83' lang='lat' dir='ltr'><strong>llaec</strong></span> <span class='ocrx_word' id='word_1_47' title='bbox 854 1493 906 1540; x_wconf 87' lang='lat' dir='ltr'><strong>cre</strong></span> <span class='ocrx_word' id='word_1_48' title='bbox 928 1474 1081 1552; x_wconf 82' lang='lat' dir='ltr'><strong>magister.</strong></span> 
     </span>
     <span class='ocr_line' id='line_1_9' title="bbox 240 1583 1217 1666; baseline 0.002 -20"><span class='ocrx_word' id='word_1_49' title='bbox 240 1585 324 1646; x_wconf 88' lang='lat' dir='ltr'><strong>&#39;lune</strong></span> <span class='ocrx_word' id='word_1_50' title='bbox 345 1602 417 1663; x_wconf 85' lang='lat' dir='ltr'><strong>ego:</strong></span> <span class='ocrx_word' id='word_1_51' title='bbox 441 1585 558 1657; x_wconf 79' lang='lat' dir='ltr'><strong>Quaere</strong></span> <span class='ocrx_word' id='word_1_52' title='bbox 580 1584 710 1664; x_wconf 81' lang='lat' dir='ltr'><strong>aliquid.</strong></span> <span class='ocrx_word' id='word_1_53' title='bbox 732 1583 809 1657; x_wconf 79' lang='lat' dir='ltr'><strong>diui,</strong></span> <span class='ocrx_word' id='word_1_54' title='bbox 831 1584 913 1664; x_wconf 88' lang='lat' dir='ltr'><strong>quod</strong></span> <span class='ocrx_word' id='word_1_55' title='bbox 935 1585 1041 1648; x_wconf 80' lang='lat' dir='ltr'><strong>damna</strong></span> <span class='ocrx_word' id='word_1_56' title='bbox 1062 1585 1217 1666; x_wconf 64' lang='lat' dir='ltr'><strong>rependat</strong></span> 
     </span>
     <span class='ocr_line' id='line_1_10' title="bbox 179 1692 999 1774; baseline -0.002 -18"><span class='ocrx_word' id='word_1_57' title='bbox 179 1763 181 1767; x_wconf 12' lang='lat' dir='ltr'>y</span> <span class='ocrx_word' id='word_1_58' title='bbox 239 1695 392 1757; x_wconf 82' lang='lat' dir='ltr'>Incassum</span> <span class='ocrx_word' id='word_1_59' title='bbox 414 1712 452 1754; x_wconf 90' lang='lat' dir='ltr'><strong>ne</strong></span> <span class='ocrx_word' id='word_1_60' title='bbox 475 1702 592 1774; x_wconf 82' lang='lat' dir='ltr'><strong>tempus</strong></span> <span class='ocrx_word' id='word_1_61' title='bbox 615 1701 672 1758; x_wconf 80' lang='lat' dir='ltr'><strong>cat</strong></span> <span class='ocrx_word' id='word_1_62' title='bbox 712 1693 760 1758; x_wconf 81' lang='lat' dir='ltr'><strong>En</strong></span> <span class='ocrx_word' id='word_1_63' title='bbox 782 1692 898 1757; x_wconf 79' lang='lat' dir='ltr'><strong>scilicet</strong></span> <span class='ocrx_word' id='word_1_64' title='bbox 918 1693 999 1758; x_wconf 83' lang='lat' dir='ltr'><strong>istud</strong></span> 
     </span>
     <span class='ocr_line' id='line_1_11' title="bbox 240 1802 1033 1884; baseline -0.001 -18"><span class='ocrx_word' id='word_1_65' title='bbox 240 1805 414 1878; x_wconf 73' lang='lat' dir='ltr'><strong>Volsonem,</strong></span> <span class='ocrx_word' id='word_1_66' title='bbox 437 1804 488 1868; x_wconf 93' lang='lat' dir='ltr'><strong>ille</strong></span> <span class='ocrx_word' id='word_1_67' title='bbox 510 1804 623 1884; x_wconf 86' lang='lat' dir='ltr'><strong>inquit,</strong></span> <span class='ocrx_word' id='word_1_68' title='bbox 645 1803 745 1867; x_wconf 81' lang='lat' dir='ltr'><strong>verbis</strong></span> <span class='ocrx_word' id='word_1_69' title='bbox 767 1811 797 1866; x_wconf 90' lang='lat' dir='ltr'><strong>et</strong></span> <span class='ocrx_word' id='word_1_70' title='bbox 817 1802 929 1870; x_wconf 73' lang='lat' dir='ltr'><strong>mrbus</strong></span> <span class='ocrx_word' id='word_1_71' title='bbox 951 1803 1033 1868; x_wconf 80' lang='lat' dir='ltr'><strong>taor:</strong></span> 
     </span>
     <span class='ocr_line' id='line_1_12' title="bbox 192 1912 949 1992; baseline 0 -16"><span class='ocrx_word' id='word_1_72' title='bbox 192 1924 223 1978; x_wconf 81' lang='lat'><strong>15</strong></span> <span class='ocrx_word' id='word_1_73' title='bbox 239 1915 312 1988; x_wconf 85' lang='lat' dir='ltr'>Fili,</span> <span class='ocrx_word' id='word_1_74' title='bbox 337 1913 519 1992; x_wconf 78' lang='lat' dir='ltr'><strong>tergeminos</strong></span> <span class='ocrx_word' id='word_1_75' title='bbox 542 1913 619 1976; x_wconf 88' lang='lat' dir='ltr'><strong>intra</strong></span> <span class='ocrx_word' id='word_1_76' title='bbox 642 1931 712 1984; x_wconf 80' lang='lat' dir='ltr'><strong>saxa</strong></span> <span class='ocrx_word' id='word_1_77' title='bbox 735 1913 792 1976; x_wconf 84' lang='lat' dir='ltr'><strong>ista</strong></span> <span class='ocrx_word' id='word_1_78' title='bbox 814 1912 949 1977; x_wconf 84' lang='lat' dir='ltr'><strong>minores</strong></span> 
     </span>
     <span class='ocr_line' id='line_1_13' title="bbox 240 2022 1012 2104; baseline 0 -18"><span class='ocrx_word' id='word_1_79' title='bbox 240 2026 314 2086; x_wconf 88' lang='lat' dir='ltr'><strong>Esse</strong></span> <span class='ocrx_word' id='word_1_80' title='bbox 337 2023 541 2098; x_wconf 66' lang='lat' dir='ltr'><strong>erenstein,</strong></span> <span class='ocrx_word' id='word_1_81' title='bbox 564 2023 834 2104; x_wconf 62' lang='lat' dir='ltr'><strong>detrectantesque</strong></span> <span class='ocrx_word' id='word_1_82' title='bbox 852 2022 1012 2100; x_wconf 79' lang='lat' dir='ltr'><strong>gradatim,</strong></span> 
     </span>
     <span class='ocr_line' id='line_1_14' title="bbox 241 2131 1128 2215; baseline 0.001 -19"><span class='ocrx_word' id='word_1_83' title='bbox 241 2135 278 2196; x_wconf 91' lang='lat' dir='ltr'><strong>Ut</strong></span> <span class='ocrx_word' id='word_1_84' title='bbox 300 2151 375 2215; x_wconf 87' lang='lat' dir='ltr'><strong>quos</strong></span> <span class='ocrx_word' id='word_1_85' title='bbox 397 2151 477 2198; x_wconf 89' lang='lat' dir='ltr'><strong>nunc</strong></span> <span class='ocrx_word' id='word_1_86' title='bbox 497 2133 619 2213; x_wconf 86' lang='lat' dir='ltr'><strong>linquis.</strong></span> <span class='ocrx_word' id='word_1_87' title='bbox 662 2135 739 2198; x_wconf 90' lang='lat' dir='ltr'><strong>Sunt</strong></span> <span class='ocrx_word' id='word_1_88' title='bbox 760 2131 859 2196; x_wconf 89' lang='lat' dir='ltr'><strong>omnia</strong></span> <span class='ocrx_word' id='word_1_89' title='bbox 881 2132 970 2212; x_wconf 85' lang='lat' dir='ltr'><strong>plena</strong></span> <span class='ocrx_word' id='word_1_90' title='bbox 991 2131 1128 2197; x_wconf 77' lang='lat' dir='ltr'><strong>scelestis</strong></span> 
     </span>
     <span class='ocr_line' id='line_1_15' title="bbox 241 2242 1098 2321; baseline -0.001 -16"><span class='ocrx_word' id='word_1_91' title='bbox 241 2245 322 2306; x_wconf 82' lang='lat' dir='ltr'><strong>llaec</strong></span> <span class='ocrx_word' id='word_1_92' title='bbox 342 2243 408 2321; x_wconf 76' lang='lat' dir='ltr'><strong>loce</strong></span> <span class='ocrx_word' id='word_1_93' title='bbox 430 2243 594 2316; x_wconf 70' lang='lat' dir='ltr'><strong>damnetisq</strong></span> <span class='ocrx_word' id='word_1_94' title='bbox 616 2261 720 2308; x_wconf 80' lang='lat' dir='ltr'><strong>verum</strong></span> <span class='ocrx_word' id='word_1_95' title='bbox 741 2252 774 2308; x_wconf 92' lang='lat' dir='ltr'><strong>ut</strong></span> <span class='ocrx_word' id='word_1_96' title='bbox 795 2259 978 2320; x_wconf 74' lang='lat' dir='ltr'><strong>cognoscere</strong></span> <span class='ocrx_word' id='word_1_97' title='bbox 1002 2242 1098 2306; x_wconf 80' lang='lat' dir='ltr'><strong>aventi</strong></span> 
     </span>
     <span class='ocr_line' id='line_1_16' title="bbox 242 2351 1081 2434; baseline -0.001 -18"><span class='ocrx_word' id='word_1_98' title='bbox 242 2354 289 2416; x_wconf 92' lang='lat' dir='ltr'><strong>Sit</strong></span> <span class='ocrx_word' id='word_1_99' title='bbox 308 2353 363 2420; x_wconf 82' lang='lat' dir='ltr'><strong>tibi</strong></span> <span class='ocrx_word' id='word_1_100' title='bbox 384 2361 432 2417; x_wconf 87' lang='lat' dir='ltr'><strong>sat</strong></span> <span class='ocrx_word' id='word_1_101' title='bbox 453 2361 591 2434; x_wconf 81' lang='lat' dir='ltr'><strong>spectare</strong></span> <span class='ocrx_word' id='word_1_102' title='bbox 613 2352 722 2424; x_wconf 80' lang='lat' dir='ltr'><strong>semel,</strong></span> <span class='ocrx_word' id='word_1_103' title='bbox 745 2369 826 2416; x_wconf 83' lang='lat' dir='ltr'><strong>nunc</strong></span> <span class='ocrx_word' id='word_1_104' title='bbox 847 2351 966 2431; x_wconf 85' lang='lat' dir='ltr'><strong>accipe,</strong></span> <span class='ocrx_word' id='word_1_105' title='bbox 988 2371 1081 2432; x_wconf 81' lang='lat' dir='ltr'><strong>qtrare</strong></span> 
     </span>
     <span class='ocr_line' id='line_1_17' title="bbox 192 2461 1049 2544; baseline 0.002 -22"><span class='ocrx_word' id='word_1_106' title='bbox 192 2471 225 2522; x_wconf 81' lang='lat'><strong>20</strong></span> <span class='ocrx_word' id='word_1_107' title='bbox 243 2465 371 2544; x_wconf 84' lang='lat' dir='ltr'><strong>Quoque</strong></span> <span class='ocrx_word' id='word_1_108' title='bbox 390 2464 480 2530; x_wconf 84' lang='lat' dir='ltr'><strong>modo</strong></span> <span class='ocrx_word' id='word_1_109' title='bbox 502 2463 534 2524; x_wconf 85' lang='lat' dir='ltr'><strong>lai</strong></span> <span class='ocrx_word' id='word_1_110' title='bbox 556 2463 654 2542; x_wconf 86' lang='lat' dir='ltr'><strong>pressi</strong></span> <span class='ocrx_word' id='word_1_111' title='bbox 673 2463 802 2543; x_wconf 74' lang='lat' dir='ltr'><strong>iaceant</strong></span> <span class='ocrx_word' id='word_1_112' title='bbox 846 2462 958 2542; x_wconf 81' lang='lat' dir='ltr'><strong>injuria</strong></span> <span class='ocrx_word' id='word_1_113' title='bbox 978 2461 1049 2526; x_wconf 81' lang='lat' dir='ltr'><strong>linis</strong></span> 
     </span>
     <span class='ocr_line' id='line_1_18' title="bbox 241 2572 1270 2653; baseline 0.004 -19"><span class='ocrx_word' id='word_1_114' title='bbox 241 2573 397 2653; x_wconf 83' lang='lat' dir='ltr'><strong>Nequitiae</strong></span> <span class='ocrx_word' id='word_1_115' title='bbox 420 2573 595 2652; x_wconf 75' lang='lat' dir='ltr'><strong>omnigenae</strong></span> <span class='ocrx_word' id='word_1_116' title='bbox 618 2581 677 2644; x_wconf 87' lang='lat' dir='ltr'><strong>est,</strong></span> <span class='ocrx_word' id='word_1_117' title='bbox 699 2572 885 2651; x_wconf 71' lang='lat' dir='ltr'><strong>superorum</strong></span> <span class='ocrx_word' id='word_1_118' title='bbox 905 2591 982 2652; x_wconf 88' lang='lat' dir='ltr'><strong>qnae</strong></span> <span class='ocrx_word' id='word_1_119' title='bbox 1005 2572 1113 2636; x_wconf 77' lang='lat' dir='ltr'><strong>excitet</strong></span> <span class='ocrx_word' id='word_1_120' title='bbox 1134 2573 1219 2638; x_wconf 86' lang='lat' dir='ltr'><strong>iram.</strong></span> <span class='ocrx_word' id='word_1_121' title='bbox 1266 2601 1270 2614; x_wconf 83' lang='lat'><em>.</em></span> 
     </span>
     <span class='ocr_line' id='line_1_19' title="bbox 241 2681 1015 2764; baseline 0.004 -21"><span class='ocrx_word' id='word_1_122' title='bbox 241 2682 337 2764; x_wconf 85' lang='lat' dir='ltr'><strong>Hujus</strong></span> <span class='ocrx_word' id='word_1_123' title='bbox 360 2691 390 2744; x_wconf 89' lang='lat' dir='ltr'><strong>et</strong></span> <span class='ocrx_word' id='word_1_124' title='bbox 411 2701 499 2747; x_wconf 85' lang='lat' dir='ltr'><strong>omne</strong></span> <span class='ocrx_word' id='word_1_125' title='bbox 520 2701 614 2762; x_wconf 81' lang='lat' dir='ltr'><strong>genus</strong></span> <span class='ocrx_word' id='word_1_126' title='bbox 635 2681 705 2746; x_wconf 87' lang='lat' dir='ltr'><strong>finis</strong></span> <span class='ocrx_word' id='word_1_127' title='bbox 728 2681 885 2746; x_wconf 87' lang='lat' dir='ltr'><strong>contristat</strong></span> <span class='ocrx_word' id='word_1_128' title='bbox 906 2701 1015 2756; x_wconf 83' lang='lat' dir='ltr'><strong>amara,</strong></span> 
     </span>
     <span class='ocr_line' id='line_1_20' title="bbox 242 2792 1072 2872; baseline 0.004 -18"><span class='ocrx_word' id='word_1_129' title='bbox 242 2795 301 2854; x_wconf 88' lang='lat' dir='ltr'><strong>Seu</strong></span> <span class='ocrx_word' id='word_1_130' title='bbox 323 2792 368 2853; x_wconf 82' lang='lat' dir='ltr'><strong>ris</strong></span> <span class='ocrx_word' id='word_1_131' title='bbox 391 2812 446 2858; x_wconf 89' lang='lat' dir='ltr'><strong>seu</strong></span> <span class='ocrx_word' id='word_1_132' title='bbox 466 2793 548 2858; x_wconf 79' lang='lat' dir='ltr'><strong>frans</strong></span> <span class='ocrx_word' id='word_1_133' title='bbox 571 2800 631 2865; x_wconf 84' lang='lat' dir='ltr'><strong>est,</strong></span> <span class='ocrx_word' id='word_1_134' title='bbox 655 2792 804 2858; x_wconf 84' lang='lat' dir='ltr'><strong>laesorum</strong></span> <span class='ocrx_word' id='word_1_135' title='bbox 826 2799 948 2872; x_wconf 82' lang='lat' dir='ltr'><strong>pectore</strong></span> <span class='ocrx_word' id='word_1_136' title='bbox 970 2811 1072 2857; x_wconf 76' lang='lat' dir='ltr'><strong>sensu</strong></span> 
     </span>
     <span class='ocr_line' id='line_1_21' title="bbox 241 2901 1217 2983; baseline -0.001 -19"><span class='ocrx_word' id='word_1_137' title='bbox 241 2903 300 2964; x_wconf 87' lang='lat' dir='ltr'><strong>Sed</strong></span> <span class='ocrx_word' id='word_1_138' title='bbox 324 2902 393 2982; x_wconf 86' lang='lat' dir='ltr'><strong>quie</strong></span> <span class='ocrx_word' id='word_1_139' title='bbox 416 2903 497 2966; x_wconf 82' lang='lat' dir='ltr'><strong>lmus</strong></span> <span class='ocrx_word' id='word_1_140' title='bbox 518 2902 641 2983; x_wconf 86' lang='lat' dir='ltr'><strong>propria</strong></span> <span class='ocrx_word' id='word_1_141' title='bbox 663 2909 710 2968; x_wconf 88' lang='lat' dir='ltr'><strong>est</strong></span> <span class='ocrx_word' id='word_1_142' title='bbox 731 2902 877 2976; x_wconf 85' lang='lat' dir='ltr'><strong>heminis,</strong></span> <span class='ocrx_word' id='word_1_143' title='bbox 900 2903 968 2982; x_wconf 85' lang='lat' dir='ltr'><strong>plus</strong></span> <span class='ocrx_word' id='word_1_144' title='bbox 991 2903 1090 2967; x_wconf 79' lang='lat' dir='ltr'><strong>nodet</strong></span> <span class='ocrx_word' id='word_1_145' title='bbox 1110 2901 1217 2964; x_wconf 78' lang='lat' dir='ltr'><strong>acerbe</strong></span> 
     </span>
     <span class='ocr_line' id='line_1_22' title="bbox 191 3011 987 3092; baseline 0.001 -19"><span class='ocrx_word' id='word_1_146' title='bbox 191 3021 223 3074; x_wconf 78' lang='lat'><strong>25</strong></span> <span class='ocrx_word' id='word_1_147' title='bbox 240 3012 365 3074; x_wconf 86' lang='lat' dir='ltr'><strong>Numen.</strong></span> <span class='ocrx_word' id='word_1_148' title='bbox 408 3012 570 3092; x_wconf 78' lang='lat' dir='ltr'><strong>Propterea</strong></span> <span class='ocrx_word' id='word_1_149' title='bbox 591 3012 732 3078; x_wconf 72' lang='lat' dir='ltr'><strong>totunm</strong></span> <span class='ocrx_word' id='word_1_150' title='bbox 754 3012 785 3077; x_wconf 88' lang='lat' dir='ltr'><strong>in</strong></span> <span class='ocrx_word' id='word_1_151' title='bbox 806 3013 867 3076; x_wconf 82' lang='lat' dir='ltr'><strong>inre</strong></span> <span class='ocrx_word' id='word_1_152' title='bbox 888 3011 987 3075; x_wconf 80' lang='lat' dir='ltr'><strong>dolosi</strong></span> 
     </span>
     <span class='ocr_line' id='line_1_23' title="bbox 242 3121 1000 3203; baseline 0.001 -21"><span class='ocrx_word' id='word_1_153' title='bbox 242 3121 379 3194; x_wconf 85' lang='lat' dir='ltr'><strong>Tartara,</strong></span> <span class='ocrx_word' id='word_1_154' title='bbox 402 3141 627 3203; x_wconf 72' lang='lat' dir='ltr'><strong>poenarumque</strong></span> <span class='ocrx_word' id='word_1_155' title='bbox 648 3122 708 3187; x_wconf 87' lang='lat' dir='ltr'><strong>illis</strong></span> <span class='ocrx_word' id='word_1_156' title='bbox 732 3122 882 3186; x_wconf 81' lang='lat' dir='ltr'><strong>crudelior</strong></span> <span class='ocrx_word' id='word_1_157' title='bbox 903 3121 1000 3186; x_wconf 83' lang='lat' dir='ltr'><strong>imber</strong></span> 
     </span>
     <span class='ocr_line' id='line_1_24' title="bbox 240 3230 998 3312; baseline 0.001 -19"><span class='ocrx_word' id='word_1_158' title='bbox 240 3231 364 3310; x_wconf 84' lang='lat' dir='ltr'><strong>Ingruit.</strong></span> <span class='ocrx_word' id='word_1_159' title='bbox 406 3233 445 3298; x_wconf 79' lang='lat' dir='ltr'><strong>tt</strong></span> <span class='ocrx_word' id='word_1_160' title='bbox 465 3231 580 3312; x_wconf 77' lang='lat' dir='ltr'><strong>primns</strong></span> <span class='ocrx_word' id='word_1_161' title='bbox 601 3231 748 3297; x_wconf 87' lang='lat' dir='ltr'><strong>violentos</strong></span> <span class='ocrx_word' id='word_1_162' title='bbox 770 3232 894 3296; x_wconf 87' lang='lat' dir='ltr'><strong>distinet</strong></span> <span class='ocrx_word' id='word_1_163' title='bbox 915 3230 998 3296; x_wconf 87' lang='lat' dir='ltr'><strong>orbis</strong></span> 
     </span>
     <span class='ocr_line' id='line_1_25' title="bbox 242 3339 972 3422; baseline 0 -20"><span class='ocrx_word' id='word_1_164' title='bbox 242 3340 352 3416; x_wconf 78' lang='lat' dir='ltr'><strong>Tetns3</strong></span> <span class='ocrx_word' id='word_1_165' title='bbox 376 3341 430 3405; x_wconf 90' lang='lat' dir='ltr'><strong>sed</strong></span> <span class='ocrx_word' id='word_1_166' title='bbox 452 3341 521 3422; x_wconf 88' lang='lat' dir='ltr'><strong>quia</strong></span> <span class='ocrx_word' id='word_1_167' title='bbox 544 3343 620 3404; x_wconf 87' lang='lat' dir='ltr'><strong>lerte</strong></span> <span class='ocrx_word' id='word_1_168' title='bbox 641 3349 743 3422; x_wconf 84' lang='lat' dir='ltr'><strong>potest</strong></span> <span class='ocrx_word' id='word_1_169' title='bbox 764 3341 845 3404; x_wconf 82' lang='lat' dir='ltr'><strong>illata</strong></span> <span class='ocrx_word' id='word_1_170' title='bbox 866 3339 972 3404; x_wconf 88' lang='lat' dir='ltr'><strong>relerri</strong></span> 
     </span>
     <span class='ocr_line' id='line_1_26' title="bbox 242 3451 1020 3530; baseline 0.003 -20"><span class='ocrx_word' id='word_1_171' title='bbox 242 3451 292 3512; x_wconf 87' lang='lat' dir='ltr'><strong>Vis</strong></span> <span class='ocrx_word' id='word_1_172' title='bbox 315 3451 352 3514; x_wconf 86' lang='lat' dir='ltr'><strong>ad</strong></span> <span class='ocrx_word' id='word_1_173' title='bbox 373 3463 456 3525; x_wconf 84' lang='lat' dir='ltr'><strong>tres,</strong></span> <span class='ocrx_word' id='word_1_174' title='bbox 479 3461 581 3518; x_wconf 84' lang='lat' dir='ltr'><strong>ternos</strong></span> <span class='ocrx_word' id='word_1_175' title='bbox 602 3452 634 3516; x_wconf 93' lang='lat' dir='ltr'><strong>in</strong></span> <span class='ocrx_word' id='word_1_176' title='bbox 656 3452 752 3515; x_wconf 87' lang='lat' dir='ltr'><strong>circos</strong></span> <span class='ocrx_word' id='word_1_177' title='bbox 774 3458 878 3530; x_wconf 84' lang='lat' dir='ltr'><strong>septus</strong></span> <span class='ocrx_word' id='word_1_178' title='bbox 901 3457 931 3512; x_wconf 90' lang='lat' dir='ltr'><strong>et</strong></span> <span class='ocrx_word' id='word_1_179' title='bbox 951 3457 1020 3529; x_wconf 86' lang='lat' dir='ltr'><strong>apte</strong></span> 
     </span>
     <span class='ocr_line' id='line_1_27' title="bbox 193 3559 1120 3642; baseline -0.003 -23"><span class='ocrx_word' id='word_1_180' title='bbox 193 3568 224 3619; x_wconf 84' lang='lat'><strong>3⁰</strong></span> <span class='ocrx_word' id='word_1_181' title='bbox 241 3563 417 3625; x_wconf 80' lang='lat' dir='ltr'><strong>Exstructus</strong></span> <span class='ocrx_word' id='word_1_182' title='bbox 439 3560 505 3623; x_wconf 72' lang='lat' dir='ltr'><strong>suit,</strong></span> <span class='ocrx_word' id='word_1_183' title='bbox 550 3561 584 3624; x_wconf 88' lang='lat' dir='ltr'><strong>ln</strong></span> <span class='ocrx_word' id='word_1_184' title='bbox 606 3579 707 3642; x_wconf 86' lang='lat' dir='ltr'><strong>regem</strong></span> <span class='ocrx_word' id='word_1_185' title='bbox 729 3559 943 3640; x_wconf 86' lang='lat' dir='ltr'><strong>omnipotentis</strong></span> <span class='ocrx_word' id='word_1_186' title='bbox 967 3560 1094 3640; x_wconf 79' lang='lat' dir='ltr'><strong>Olympi,</strong></span> <span class='ocrx_word' id='word_1_187' title='bbox 1117 3611 1120 3616; x_wconf 90' lang='lat'>.</span> 
     </span>
     <span class='ocr_line' id='line_1_28' title="bbox 242 3670 1103 3751; baseline 0 -19"><span class='ocrx_word' id='word_1_188' title='bbox 242 3672 275 3732; x_wconf 91' lang='lat' dir='ltr'><strong>In</strong></span> <span class='ocrx_word' id='word_1_189' title='bbox 298 3690 331 3732; x_wconf 90' lang='lat' dir='ltr'><strong>se</strong></span> <span class='ocrx_word' id='word_1_190' title='bbox 354 3670 467 3750; x_wconf 73' lang='lat' dir='ltr'><strong>ipsum,</strong></span> <span class='ocrx_word' id='word_1_191' title='bbox 492 3671 581 3751; x_wconf 87' lang='lat' dir='ltr'><strong>inque</strong></span> <span class='ocrx_word' id='word_1_192' title='bbox 604 3671 663 3733; x_wconf 85' lang='lat' dir='ltr'><strong>sibi</strong></span> <span class='ocrx_word' id='word_1_193' title='bbox 685 3671 799 3736; x_wconf 85' lang='lat' dir='ltr'><strong>similes</strong></span> <span class='ocrx_word' id='word_1_194' title='bbox 821 3671 975 3747; x_wconf 78' lang='lat' dir='ltr'><strong>insurgere</strong></span> <span class='ocrx_word' id='word_1_195' title='bbox 997 3677 1103 3749; x_wconf 87' lang='lat' dir='ltr'><strong>posset</strong></span> 
     </span>
     <span class='ocr_line' id='line_1_29' title="bbox 242 3780 1211 3861; baseline 0.002 -21"><span class='ocrx_word' id='word_1_196' title='bbox 242 3781 276 3841; x_wconf 87' lang='lat' dir='ltr'><strong>vi</strong></span> <span class='ocrx_word' id='word_1_197' title='bbox 298 3780 469 3860; x_wconf 85' lang='lat' dir='ltr'><strong>quisquam,</strong></span> <span class='ocrx_word' id='word_1_198' title='bbox 493 3781 561 3844; x_wconf 91' lang='lat' dir='ltr'><strong>dico</strong></span> <span class='ocrx_word' id='word_1_199' title='bbox 584 3781 614 3846; x_wconf 89' lang='lat' dir='ltr'><strong>iu</strong></span> <span class='ocrx_word' id='word_1_200' title='bbox 638 3789 727 3860; x_wconf 86' lang='lat' dir='ltr'><strong>eaput</strong></span> <span class='ocrx_word' id='word_1_201' title='bbox 748 3783 870 3852; x_wconf 84' lang='lat' dir='ltr'><strong>horum,</strong></span> <span class='ocrx_word' id='word_1_202' title='bbox 892 3799 1001 3861; x_wconf 90' lang='lat' dir='ltr'><strong>resque</strong></span> <span class='ocrx_word' id='word_1_203' title='bbox 1023 3780 1211 3860; x_wconf 83' lang='lat' dir='ltr'><strong>domumque,</strong></span> 
     </span>
     <span class='ocr_line' id='line_1_30' title="bbox 242 3890 1003 3964; baseline 0.003 -12"><span class='ocrx_word' id='word_1_204' title='bbox 242 3891 279 3953; x_wconf 92' lang='lat' dir='ltr'><strong>Ut</strong></span> <span class='ocrx_word' id='word_1_205' title='bbox 300 3899 346 3964; x_wconf 92' lang='lat' dir='ltr'><strong>te,</strong></span> <span class='ocrx_word' id='word_1_206' title='bbox 371 3890 397 3950; x_wconf 85' lang='lat' dir='ltr'><strong>si</strong></span> <span class='ocrx_word' id='word_1_207' title='bbox 419 3891 570 3964; x_wconf 77' lang='lat' dir='ltr'><strong>advertas,</strong></span> <span class='ocrx_word' id='word_1_208' title='bbox 594 3891 670 3954; x_wconf 85' lang='lat' dir='ltr'><strong>ratio</strong></span> <span class='ocrx_word' id='word_1_209' title='bbox 692 3893 851 3956; x_wconf 79' lang='lat' dir='ltr'><strong>manifesta</strong></span> <span class='ocrx_word' id='word_1_210' title='bbox 873 3890 1003 3954; x_wconf 79' lang='lat' dir='ltr'><strong>docebit</strong></span> 
     </span>
     <span class='ocr_line' id='line_1_31' title="bbox 284 4000 1092 4081; baseline 0 -19"><span class='ocrx_word' id='word_1_211' title='bbox 284 4001 364 4062; x_wconf 87' lang='lat' dir='ltr'><strong>llors</strong></span> <span class='ocrx_word' id='word_1_212' title='bbox 388 4000 465 4064; x_wconf 90' lang='lat' dir='ltr'><strong>solet</strong></span> <span class='ocrx_word' id='word_1_213' title='bbox 487 4001 591 4065; x_wconf 82' lang='lat' dir='ltr'><strong>inferri</strong></span> <span class='ocrx_word' id='word_1_214' title='bbox 613 4021 668 4080; x_wconf 90' lang='lat' dir='ltr'><strong>per</strong></span> <span class='ocrx_word' id='word_1_215' title='bbox 688 4001 764 4074; x_wconf 78' lang='lat' dir='ltr'><strong>rint,</strong></span> <span class='ocrx_word' id='word_1_216' title='bbox 786 4005 841 4081; x_wconf 84' lang='lat' dir='ltr'><strong>pe‘r</strong></span> <span class='ocrx_word' id='word_1_217' title='bbox 861 4001 983 4064; x_wconf 85' lang='lat' dir='ltr'><strong>vulnera</strong></span> <span class='ocrx_word' id='word_1_218' title='bbox 1005 4019 1092 4064; x_wconf 81' lang='lat' dir='ltr'><strong>saeva</strong></span> 
     </span>
     <span class='ocr_line' id='line_1_32' title="bbox 193 4110 1023 4191; baseline 0.002 -21"><span class='ocrx_word' id='word_1_219' title='bbox 193 4119 224 4170; x_wconf 77' lang='lat'><strong>³5</strong></span> <span class='ocrx_word' id='word_1_220' title='bbox 243 4110 339 4184; x_wconf 79' lang='lat' dir='ltr'><strong>Vitae3</strong></span> <span class='ocrx_word' id='word_1_221' title='bbox 362 4110 491 4176; x_wconf 79' lang='lat' dir='ltr'><strong>fortunis</strong></span> <span class='ocrx_word' id='word_1_222' title='bbox 513 4130 567 4191; x_wconf 85' lang='lat' dir='ltr'><strong>per</strong></span> <span class='ocrx_word' id='word_1_223' title='bbox 589 4111 718 4185; x_wconf 82' lang='lat' dir='ltr'><strong>cladem,</strong></span> <span class='ocrx_word' id='word_1_224' title='bbox 741 4111 895 4184; x_wconf 84' lang='lat' dir='ltr'><strong>incendis,</strong></span> <span class='ocrx_word' id='word_1_225' title='bbox 919 4118 1023 4190; x_wconf 84' lang='lat' dir='ltr'><strong>raptus</strong></span> 
     </span>
     <span class='ocr_line' id='line_1_33' title="bbox 243 4219 1061 4300; baseline 0 -18"><span class='ocrx_word' id='word_1_226' title='bbox 243 4221 355 4284; x_wconf 79' lang='lat' dir='ltr'><strong>camna</strong></span> <span class='ocrx_word' id='word_1_227' title='bbox 376 4219 557 4297; x_wconf 75' lang='lat' dir='ltr'><strong>indigentes.</strong></span> <span class='ocrx_word' id='word_1_228' title='bbox 601 4221 700 4293; x_wconf 78' lang='lat' dir='ltr'><strong>Quare</strong></span> <span class='ocrx_word' id='word_1_229' title='bbox 721 4221 773 4300; x_wconf 88' lang='lat' dir='ltr'><strong>qui</strong></span> <span class='ocrx_word' id='word_1_230' title='bbox 796 4237 922 4300; x_wconf 87' lang='lat' dir='ltr'><strong>corpora</strong></span> <span class='ocrx_word' id='word_1_231' title='bbox 943 4227 1061 4292; x_wconf 78' lang='lat' dir='ltr'><strong>mactat,</strong></span> 
     </span>
     <span class='ocr_line' id='line_1_34' title="bbox 245 4329 1078 4410; baseline 0.002 -20"><span class='ocrx_word' id='word_1_232' title='bbox 245 4329 362 4409; x_wconf 83' lang='lat' dir='ltr'><strong>Quique</strong></span> <span class='ocrx_word' id='word_1_233' title='bbox 385 4330 467 4392; x_wconf 82' lang='lat' dir='ltr'><strong>lerex</strong></span> <span class='ocrx_word' id='word_1_234' title='bbox 491 4329 603 4403; x_wconf 82' lang='lat' dir='ltr'><strong>caedit,</strong></span> <span class='ocrx_word' id='word_1_235' title='bbox 626 4331 801 4410; x_wconf 85' lang='lat' dir='ltr'><strong>populator,</strong></span> <span class='ocrx_word' id='word_1_236' title='bbox 826 4340 951 4396; x_wconf 82' lang='lat' dir='ltr'><strong>onustus</strong></span> <span class='ocrx_word' id='word_1_237' title='bbox 974 4331 1078 4393; x_wconf 82' lang='lat' dir='ltr'><strong>abacta</strong></span> 
     </span>
     <span class='ocr_line' id='line_1_35' title="bbox 244 4439 1070 4520; baseline 0.002 -20"><span class='ocrx_word' id='word_1_238' title='bbox 244 4439 302 4512; x_wconf 88' lang='lat' dir='ltr'><strong>Qui</strong></span> <span class='ocrx_word' id='word_1_239' title='bbox 324 4439 453 4502; x_wconf 82' lang='lat' dir='ltr'><strong>exsultet</strong></span> <span class='ocrx_word' id='word_1_240' title='bbox 472 4439 598 4519; x_wconf 81' lang='lat' dir='ltr'><strong>praede,</strong></span> <span class='ocrx_word' id='word_1_241' title='bbox 622 4441 721 4512; x_wconf 78' lang='lat' dir='ltr'><strong>cuncti</strong></span> <span class='ocrx_word' id='word_1_242' title='bbox 744 4449 921 4520; x_wconf 80' lang='lat' dir='ltr'><strong>torquentur</strong></span> <span class='ocrx_word' id='word_1_243' title='bbox 941 4440 972 4504; x_wconf 85' lang='lat' dir='ltr'><strong>in</strong></span> <span class='ocrx_word' id='word_1_244' title='bbox 995 4440 1070 4502; x_wconf 84' lang='lat' dir='ltr'><strong>orbe</strong></span> 
     </span>
     <span class='ocr_line' id='line_1_36' title="bbox 200 4549 1073 4638; baseline 0.002 -29"><span class='ocrx_word' id='word_1_245' title='bbox 200 4635 203 4638; x_wconf 18' lang='grc' dir='ltr'>Ι</span> <span class='ocrx_word' id='word_1_246' title='bbox 241 4549 358 4623; x_wconf 83' lang='lat' dir='ltr'><strong>Primo,</strong></span> <span class='ocrx_word' id='word_1_247' title='bbox 383 4549 493 4628; x_wconf 86' lang='lat' dir='ltr'><strong>digesti</strong></span> <span class='ocrx_word' id='word_1_248' title='bbox 515 4549 545 4612; x_wconf 89' lang='lat' dir='ltr'><strong>in</strong></span> <span class='ocrx_word' id='word_1_249' title='bbox 567 4550 695 4628; x_wconf 76' lang='lat' dir='ltr'><strong>classes,</strong></span> <span class='ocrx_word' id='word_1_250' title='bbox 719 4558 749 4616; x_wconf 83' lang='lat' dir='ltr'><strong>et</strong></span> <span class='ocrx_word' id='word_1_251' title='bbox 770 4551 883 4615; x_wconf 77' lang='lat' dir='ltr'><strong>habent</strong></span> <span class='ocrx_word' id='word_1_252' title='bbox 904 4571 957 4614; x_wconf 88' lang='lat' dir='ltr'><strong>sua</strong></span> <span class='ocrx_word' id='word_1_253' title='bbox 978 4560 1073 4632; x_wconf 81' lang='lat' dir='ltr'><strong>septa.</strong></span> 
     </span>
    </p>
   </div>
   <div class='ocr_carea' id='block_1_3' title="bbox 0 0 1626 5394">
    <p class='ocr_par' dir='ltr' id='par_1_3' title="bbox 0 0 1626 5394">
     <span class='ocr_line' id='line_1_37' title="bbox 0 0 1626 5394; baseline 0 0"><span class='ocrx_word' id='word_1_254' title='bbox 0 0 1626 5394; x_wconf 95' lang='lat' dir='ltr'><strong> </strong></span> 
     </span>
    </p>
   </div>
  </div>
 </body>
</html>
