3362 5414
672 517 843 568 ruttstrto.

260 698 322 760 Nos
344 697 465 778 pariter,
490 701 624 777 geminos
647 700 705 773 hic,
729 711 759 763 et
779 719 858 762 nune
880 701 939 763 fine
962 703 1027 764 sine
1049 703 1109 766 ullo

262 800 446 880 Conjunctps
470 799 560 878 agitat
582 819 678 881 poena
701 820 757 881 pro
782 801 905 862 crimine
928 802 1026 882 digna.

261 901 326 962 Uno
350 900 400 980 qui
423 901 521 978 gladio
544 901 632 962 binos
655 903 777 962 confixit
798 903 828 962 in
851 903 904 975 ira,

263 1001 426 1080 Suppliciis
450 1002 563 1062 cruciat
585 1003 697 1064 meritis
721 1003 836 1066 inferna
859 1004 959 1065 Caina.

263 1103 345 1164 'l'alia
369 1111 439 1164 sunt
460 1103 548 1164 nobis
570 1104 705 1180 geminas
727 1114 864 1183 porrecta
886 1123 941 1184 per
961 1105 1092 1167 umbras.

303 1205 364 1266 llas
387 1205 500 1266 animas
523 1204 620 1266 laesas
642 1223 696 1266 sua
717 1206 847 1284 pessima
870 1206 931 1267 lata
952 1206 1109 1286 loquentes

195 1318 243 1366 110
261 1306 423 1386 Postquam
446 1305 588 1379 intellexi,
610 1306 721 1368 ruitum
744 1307 898 1386 pensando
921 1306 1062 1369 deorsum

263 1407 337 1468 Tam
359 1408 447 1486 lpnge
470 1407 563 1481 tenui,
586 1408 657 1468 dum
681 1407 739 1468 dux
760 1408 835 1470 mihi
859 1407 972 1469 diceret
992 1409 1074 1488 ipse:

263 1509 341 1583 Quid
364 1507 499 1588 pensas?
523 1508 576 1570 Cui
598 1527 667 1569 mox
688 1509 892 1587 respondens:
915 1510 992 1588 proh
1016 1509 1110 1584 dolor,
1132 1510 1225 1590 inqui,

263 1611 359 1684 Quam
381 1609 483 1672 dulces
507 1628 605 1682 curae,
630 1629 717 1688 quam
741 1609 837 1671 dulcia
860 1619 925 1672 vota
947 1621 1069 1671 ruentes

260 1711 376 1772 lluxere
400 1711 435 1772 ad
459 1730 602 1790 praesens
624 1711 805 1783 barathrum,
830 1719 988 1792 tantosque
1011 1712 1145 1775 dolores!

194 1829 243 1878 110
261 1814 335 1876 Post
357 1812 393 1873 ad
416 1831 469 1875 eos
492 1813 597 1874 faciem
620 1811 693 1873 10111
718 1811 763 1871 sic
785 1831 836 1872 ore
859 1812 1016 1892 loquutus:

305 1916 329 1976 Ο
352 1914 522 1985 Francisca,
546 1921 629 1974 tuum
651 1933 698 1974 me
721 1914 892 1992 martyrium
915 1914 1120 1977 lacrimantem

260 2016 369 2088 Elticit,
393 2023 481 2093 atque
503 2016 595 2094 pium,
618 2032 757 2075 necnon
782 2014 833 2074 tibi
858 2017 1104 2095 compatientem3

260 2117 315 2178 llic
336 2116 410 2178 mihi
433 2135 521 2189 nune,
546 2116 624 2177 inter
647 2115 776 2194 suspiria
798 2114 905 2188 dulcia,
928 2117 1013 2177 vobis

262 2217 420 2292 Quomodo
444 2217 699 2278 eoncessit'luror
721 2216 917 2277 inconcessus
939 2218 1051 2278 amoris

193 2333 242 2382 120
260 2319 408 2398 Ancipitis
430 2319 491 2380 voti
512 2319 599 2380 letale
623 2335 785 2394 agnoscere
808 2315 913 2378 virus?

302 2421 355 2482 1110
377 2421 483 2482 101011;
507 2420 617 2480 misero
640 2417 737 2498 major
758 2435 819 2478 nou
843 2426 889 2478 est
911 2417 999 2479 dolor
1019 2437 1159 2499 unquam.

262 2523 357 2594 Quam
376 2522 437 2602 jam
460 2521 639 2602 praeteritae
662 2519 816 2580 reminisci
838 2519 1056 2599 prosperitatis,

262 2624 358 2696 Quum
381 2623 473 2683 miser
496 2632 550 2694 est,
574 2621 712 2700 istudque
735 2629 804 2681 tuus
826 2620 933 2681 doctor
954 2620 1032 2681 hene
1059 2625 1150 2685 novit.
1192 2686 1195 2690 ,

192 2731 241 2781 125
261 2725 320 2786 Sed
343 2725 369 2784 si
391 2725 523 2784 radicem
545 2723 642 2784 nostri
666 2741 848 2800 cognoscere
872 2722 983 2785 amoris

260 2827 354 2887 Tanta
378 2824 486 2904 cupido
510 2825 640 2886 animum
664 2824 766 2902 tangit,
789 2824 886 2884 dicam
909 2823 988 2884 velut
1011 2823 1070 2896 illa,

261 2929 343 3000 Quae
365 2927 487 3007 plorans
510 2926 651 3004 loquitur.
695 2925 768 2987 Nam
794 2943 884 3005 quum
906 2924 1015 2986 librum
1037 2927 1211 3006 legeremus,

261 3029 319 3101 Qui
341 3027 510 3090 Lancillotti
533 3026 671 3087 insanum
693 3033 855 3106 pertractat
877 3045 1018 3098 amorem,

260 3130 297 3190 Et
319 3130 376 3190 soli
399 3146 543 3200 essemus,
566 3128 644 3188 foret
666 3136 695 3188 et
717 3127 869 3206 suspectio
892 3125 982 3202 nulla,

191 3241 242 3293 130
260 3231 429 3292 Multotiens
453 3229 601 3308 scriptura
624 3229 728 3290 oculos
750 3228 821 3288 hine
844 3227 914 3289 inde
936 3227 1091 3309 placentes

260 3333 313 3394 llla
335 3331 527 3411 repercussit,
550 3350 607 3391 nos
631 3337 660 3390 et
681 3328 793 3409 pallere
816 3328 923 3406 coegit,

260 3434 371 3495 Unicus
395 3441 423 3494 at
444 3415 571 3512 punctus
595 3449 650 3491 nos
674 3429 850 3508 expugnavit
872 3429 909 3489 ad
932 3428 1039 3490 imum:

260 3535 394 3614 Namque
415 3535 542 3612 legendo
565 3533 663 3593 locum
687 3550 776 3610 quum
798 3529 984 3610 pervenisset
1006 3531 1042 3592 ad
1065 3529 1157 3604 illum,

262 3637 386 3710 Quando
409 3645 508 3698 tantus
531 3653 633 3696 amaus
657 3632 701 3694 ori
725 3640 860 3711 exoptata
883 3631 1029 3712 genisque

192 3755 242 3806 135
262 3738 370 3800 Oscula
392 3737 502 3809 11011111,
524 3735 659 3796 tremulis
682 3741 753 3794 tunc
774 3733 858 3794 basia
882 3735 994 3795 nostris

260 3841 319 3900 lste
343 3839 426 3916 genis
448 3838 527 3911 fixis
549 3837 627 3897 liber
648 3837 725 3896 inter
746 3854 802 3896 nos
826 3835 967 3896 Galeotns

262 3940 509 4022 Compositorque
532 3958 604 3999 suus
627 3937 692 4009 luit,
716 3944 746 3998 et
766 3955 827 3998 non
850 3936 975 4014 legimus
997 3937 1073 3996 ultra
1153 3964 1159 3973 ·

259 4042 314 4102 lllo
337 4041 422 4121 plura
445 4042 503 4102 die.
546 4037 642 4099 Verba
664 4039 738 4099 haee
761 4039 830 4098 dum
853 4037 977 4116 spiritus
999 4056 1076 4098 unus

190 4161 242 4211 140
260 4143 388 4216 11100101,
411 4142 530 4202 illorum
552 4139 689 4220 plorabat
711 4139 834 4218 spiritus
857 4138 938 4210 alter,

259 4245 297 4305 Et
318 4263 364 4304 me
387 4242 549 4323 prostravit
569 4250 682 4302 tantum
704 4241 860 4320 pietasque
884 4239 1039 4318 dolorque,

263 4344 349 4417 Quod
373 4363 441 4406 mox
463 4343 606 4406 deliniens
630 4341 734 4414 cecidi,
758 4341 844 4420 quasi
866 4349 1000 4402 mortuus
1024 4360 1132 4402 essem.

603 4508 910 4536 ‚----—---‡--·-
