<?xml version="1.0" encoding="UTF-8"?>
<!DOCTYPE html PUBLIC "-//W3C//DTD XHTML 1.0 Transitional//EN"
    "http://www.w3.org/TR/xhtml1/DTD/xhtml1-transitional.dtd">
<html xmlns="http://www.w3.org/1999/xhtml" xml:lang="en" lang="en">
 <head>
  <title>
</title>
<meta http-equiv="Content-Type" content="text/html;charset=utf-8" />
  <meta name='ocr-system' content='tesseract 3.04.00' />
  <meta name='ocr-capabilities' content='ocr_page ocr_carea ocr_par ocr_line ocrx_word'/>
</head>
<body>
  <div class='ocr_page' id='page_1' title='image "./divinacomoedia01piazgoog_0392.png"; bbox 0 0 3282 5404; ppageno 0'>
   <div class='ocr_carea' id='block_1_1' title="bbox 611 520 832 571">
    <p class='ocr_par' dir='ltr' id='par_1_1' title="bbox 611 520 832 571">
     <span class='ocr_line' id='line_1_1' title="bbox 611 520 832 571; baseline 0 -1"><span class='ocrx_word' id='word_1_1' title='bbox 611 520 745 571; x_wconf 77' lang='lat' dir='ltr'><strong>Psnsbtst</strong></span> <span class='ocrx_word' id='word_1_2' title='bbox 763 521 832 571; x_wconf 65' lang='lat' dir='ltr'><strong>didi.</strong></span> 
     </span>
    </p>
   </div>
   <div class='ocr_carea' id='block_1_2' title="bbox 177 737 1160 4554">
    <p class='ocr_par' dir='ltr' id='par_1_2' title="bbox 189 737 1019 819">
     <span class='ocr_line' id='line_1_2' title="bbox 189 737 1019 819; baseline -0.004 -15"><span class='ocrx_word' id='word_1_3' title='bbox 189 737 190 740; x_wconf 66' lang='grc'>’</span> <span class='ocrx_word' id='word_1_4' title='bbox 224 741 364 804; x_wconf 78' lang='lat' dir='ltr'><strong>Materiae</strong></span> <span class='ocrx_word' id='word_1_5' title='bbox 385 737 523 812; x_wconf 78' lang='lat' dir='ltr'><strong>tabulam,</strong></span> <span class='ocrx_word' id='word_1_6' title='bbox 547 737 577 800; x_wconf 86' lang='lat' dir='ltr'><strong>id</strong></span> <span class='ocrx_word' id='word_1_7' title='bbox 600 745 693 800; x_wconf 89' lang='lat' dir='ltr'><strong>totum</strong></span> <span class='ocrx_word' id='word_1_8' title='bbox 714 757 782 802; x_wconf 86' lang='lat' dir='ltr'><strong>sese</strong></span> <span class='ocrx_word' id='word_1_9' title='bbox 804 737 930 819; x_wconf 84' lang='lat' dir='ltr'><strong>explieat</strong></span> <span class='ocrx_word' id='word_1_10' title='bbox 950 749 1019 802; x_wconf 87' lang='lat' dir='ltr'><strong>anta</strong></span> 
     </span>
    </p>

    <p class='ocr_par' dir='ltr' id='par_1_3' title="bbox 177 847 1160 1367">
     <span class='ocr_line' id='line_1_3' title="bbox 177 847 1157 932; baseline 0.004 -24"><span class='ocrx_word' id='word_1_11' title='bbox 177 855 209 908; x_wconf 74' lang='lat' dir='ltr'><strong>ab</strong></span> <span class='ocrx_word' id='word_1_12' title='bbox 226 853 427 932; x_wconf 83' lang='lat' dir='ltr'><strong>Conspectum</strong></span> <span class='ocrx_word' id='word_1_13' title='bbox 448 857 601 912; x_wconf 87' lang='lat' dir='ltr'><strong>aeteruum</strong></span> <span class='ocrx_word' id='word_1_14' title='bbox 622 847 751 928; x_wconf 84' lang='lat' dir='ltr'><strong>piatum:</strong></span> <span class='ocrx_word' id='word_1_15' title='bbox 774 856 803 911; x_wconf 88' lang='lat' dir='ltr'><strong>at</strong></span> <span class='ocrx_word' id='word_1_16' title='bbox 824 867 883 910; x_wconf 94' lang='lat' dir='ltr'><strong>non</strong></span> <span class='ocrx_word' id='word_1_17' title='bbox 906 848 976 910; x_wconf 89' lang='lat' dir='ltr'><strong>inda</strong></span> <span class='ocrx_word' id='word_1_18' title='bbox 997 865 1157 914; x_wconf 76' lang='lat' dir='ltr'>necessum</span> 
     </span>
     <span class='ocr_line' id='line_1_4' title="bbox 225 958 1013 1038; baseline -0.006 -13"><span class='ocrx_word' id='word_1_19' title='bbox 225 963 307 1025; x_wconf 84' lang='lat' dir='ltr'><strong>bione</strong></span> <span class='ocrx_word' id='word_1_20' title='bbox 330 961 387 1023; x_wconf 87' lang='lat' dir='ltr'><strong>alio</strong></span> <span class='ocrx_word' id='word_1_21' title='bbox 410 960 510 1032; x_wconf 87' lang='lat' dir='ltr'><strong>sumit,</strong></span> <span class='ocrx_word' id='word_1_22' title='bbox 534 977 622 1038; x_wconf 89' lang='lat' dir='ltr'><strong>quarn</strong></span> <span class='ocrx_word' id='word_1_23' title='bbox 644 959 728 1020; x_wconf 80' lang='lat' dir='ltr'><strong>naris</strong></span> <span class='ocrx_word' id='word_1_24' title='bbox 749 966 858 1038; x_wconf 89' lang='lat' dir='ltr'><strong>sponte</strong></span> <span class='ocrx_word' id='word_1_25' title='bbox 880 958 1013 1020; x_wconf 86' lang='lat' dir='ltr'><strong>seeundo</strong></span> 
     </span>
     <span class='ocr_line' id='line_1_5' title="bbox 225 1067 957 1147; baseline -0.004 -14"><span class='ocrx_word' id='word_1_26' title='bbox 225 1071 362 1133; x_wconf 81' lang='lat' dir='ltr'>Flumine</span> <span class='ocrx_word' id='word_1_27' title='bbox 384 1069 581 1143; x_wconf 76' lang='lat' dir='ltr'><strong>descendens,</strong></span> <span class='ocrx_word' id='word_1_28' title='bbox 604 1087 623 1130; x_wconf 87' lang='lat' dir='ltr'><strong>a</strong></span> <span class='ocrx_word' id='word_1_29' title='bbox 643 1075 811 1147; x_wconf 79' lang='lat' dir='ltr'><strong>spectatore</strong></span> <span class='ocrx_word' id='word_1_30' title='bbox 833 1067 957 1130; x_wconf 78' lang='lat' dir='ltr'><strong>sedente</strong></span> 
     </span>
     <span class='ocr_line' id='line_1_6' title="bbox 225 1177 1152 1260; baseline -0.005 -17"><span class='ocrx_word' id='word_1_31' title='bbox 225 1183 285 1244; x_wconf 87' lang='lat' dir='ltr'><strong>Pro</strong></span> <span class='ocrx_word' id='word_1_32' title='bbox 308 1179 431 1260; x_wconf 81' lang='lat' dir='ltr'><strong>speauo</strong></span> <span class='ocrx_word' id='word_1_33' title='bbox 455 1178 486 1240; x_wconf 91' lang='lat' dir='ltr'><strong>in</strong></span> <span class='ocrx_word' id='word_1_34' title='bbox 508 1178 585 1259; x_wconf 79' lang='lat' dir='ltr'><strong>ripa.</strong></span> <span class='ocrx_word' id='word_1_35' title='bbox 628 1179 713 1240; x_wconf 81' lang='lat' dir='ltr'><strong>Venit</strong></span> <span class='ocrx_word' id='word_1_36' title='bbox 734 1178 815 1251; x_wconf 86' lang='lat' dir='ltr'><strong>inde,</strong></span> <span class='ocrx_word' id='word_1_37' title='bbox 836 1185 869 1240; x_wconf 95' lang='lat' dir='ltr'><strong>ut</strong></span> <span class='ocrx_word' id='word_1_38' title='bbox 890 1178 984 1240; x_wconf 81' lang='lat' dir='ltr'><strong>fertur</strong></span> <span class='ocrx_word' id='word_1_39' title='bbox 1005 1177 1042 1240; x_wconf 89' lang='lat' dir='ltr'><strong>ad</strong></span> <span class='ocrx_word' id='word_1_40' title='bbox 1064 1195 1152 1240; x_wconf 88' lang='lat' dir='ltr'><strong>sures</strong></span> 
     </span>
     <span class='ocr_line' id='line_1_7' title="bbox 226 1273 1160 1367; baseline -0.004 -14"><span class='ocrx_word' id='word_1_41' title='bbox 226 1291 329 1354; x_wconf 84' lang='lat' dir='ltr'><strong>Dulcis</strong></span> <span class='ocrx_word' id='word_1_42' title='bbox 350 1289 386 1352; x_wconf 92' lang='lat' dir='ltr'><strong>ab</strong></span> <span class='ocrx_word' id='word_1_43' title='bbox 409 1289 550 1367; x_wconf 81' lang='lat' dir='ltr'><strong>organico</strong></span> <span class='ocrx_word' id='word_1_44' title='bbox 572 1287 697 1361; x_wconf 85' lang='lat' dir='ltr'><strong>sonitus,</strong></span> <span class='ocrx_word' id='word_1_45' title='bbox 720 1287 774 1352; x_wconf 87' lang='lat' dir='ltr'><strong>tibi</strong></span> <span class='ocrx_word' id='word_1_46' title='bbox 796 1295 877 1352; x_wconf 84' lang='lat' dir='ltr'><strong>sorte</strong></span> <span class='ocrx_word' id='word_1_47' title='bbox 899 1295 999 1366; x_wconf 85' lang='lat' dir='ltr'><strong>parots</strong></span> <span class='ocrx_word' id='word_1_48' title='bbox 1153 1273 1160 1288; x_wconf 83' lang='lat'>&#39;</span> 
     </span>
    </p>

    <p class='ocr_par' dir='ltr' id='par_1_4' title="bbox 177 1395 1099 1916">
     <span class='ocr_line' id='line_1_8' title="bbox 177 1395 1083 1481; baseline -0.004 -18"><span class='ocrx_word' id='word_1_49' title='bbox 177 1409 211 1462; x_wconf 80' lang='lat' dir='ltr'><strong>to</strong></span> <span class='ocrx_word' id='word_1_50' title='bbox 228 1401 403 1481; x_wconf 81' lang='lat' dir='ltr'><strong>Tempestas</strong></span> <span class='ocrx_word' id='word_1_51' title='bbox 424 1395 585 1478; x_wconf 80' lang='lat' dir='ltr'><strong>spectanda</strong></span> <span class='ocrx_word' id='word_1_52' title='bbox 607 1396 689 1458; x_wconf 87' lang='lat' dir='ltr'><strong>rnibi.</strong></span> <span class='ocrx_word' id='word_1_53' title='bbox 731 1397 769 1458; x_wconf 87' lang='lat' dir='ltr'><strong>Ut</strong></span> <span class='ocrx_word' id='word_1_54' title='bbox 790 1396 930 1459; x_wconf 77' lang='lat' dir='ltr'><strong>discessit</strong></span> <span class='ocrx_word' id='word_1_55' title='bbox 950 1397 988 1459; x_wconf 80' lang='lat' dir='ltr'><strong>ab</strong></span> <span class='ocrx_word' id='word_1_56' title='bbox 1009 1397 1083 1459; x_wconf 86' lang='lat' dir='ltr'><strong>urbe</strong></span> 
     </span>
     <span class='ocr_line' id='line_1_9' title="bbox 227 1506 975 1590; baseline -0.004 -19"><span class='ocrx_word' id='word_1_57' title='bbox 227 1508 404 1590; x_wconf 75' lang='lat' dir='ltr'><strong>Hippolytus</strong></span> <span class='ocrx_word' id='word_1_58' title='bbox 425 1507 521 1588; x_wconf 90' lang='lat' dir='ltr'><strong>patria</strong></span> <span class='ocrx_word' id='word_1_59' title='bbox 543 1507 672 1568; x_wconf 88' lang='lat' dir='ltr'><strong>omdelis</strong></span> <span class='ocrx_word' id='word_1_60' title='bbox 693 1506 796 1570; x_wconf 80' lang='lat' dir='ltr'><strong>imude</strong></span> <span class='ocrx_word' id='word_1_61' title='bbox 818 1523 975 1580; x_wconf 78' lang='lat' dir='ltr'><strong>novercae,</strong></span> 
     </span>
     <span class='ocr_line' id='line_1_10' title="bbox 229 1616 1000 1697; baseline -0.006 -14"><span class='ocrx_word' id='word_1_62' title='bbox 229 1620 279 1682; x_wconf 90' lang='lat' dir='ltr'><strong>Sio</strong></span> <span class='ocrx_word' id='word_1_63' title='bbox 300 1627 330 1680; x_wconf 90' lang='lat' dir='ltr'><strong>te</strong></span> <span class='ocrx_word' id='word_1_64' title='bbox 351 1617 501 1697; x_wconf 74' lang='lat' dir='ltr'><strong>proripias</strong></span> <span class='ocrx_word' id='word_1_65' title='bbox 522 1616 680 1696; x_wconf 75' lang='lat' dir='ltr'><strong>profugum</strong></span> <span class='ocrx_word' id='word_1_66' title='bbox 701 1616 851 1678; x_wconf 82' lang='lat' dir='ltr'><strong>Florentia</strong></span> <span class='ocrx_word' id='word_1_67' title='bbox 873 1623 1000 1695; x_wconf 87' lang='lat' dir='ltr'><strong>oportet.</strong></span> 
     </span>
     <span class='ocr_line' id='line_1_11' title="bbox 228 1723 1099 1805; baseline -0.006 -14"><span class='ocrx_word' id='word_1_68' title='bbox 228 1729 343 1792; x_wconf 89' lang='lat' dir='ltr'><strong>Insidet</strong></span> <span class='ocrx_word' id='word_1_69' title='bbox 363 1728 423 1788; x_wconf 90' lang='lat' dir='ltr'><strong>boo</strong></span> <span class='ocrx_word' id='word_1_70' title='bbox 444 1726 560 1799; x_wconf 83' lang='lat' dir='ltr'><strong>animis,</strong></span> <span class='ocrx_word' id='word_1_71' title='bbox 584 1723 750 1805; x_wconf 73' lang='lat' dir='ltr'><strong>agiturque,</strong></span> <span class='ocrx_word' id='word_1_72' title='bbox 772 1734 801 1788; x_wconf 89' lang='lat' dir='ltr'><strong>ot</strong></span> <span class='ocrx_word' id='word_1_73' title='bbox 823 1745 892 1788; x_wconf 80' lang='lat' dir='ltr'><strong>mou</strong></span> <span class='ocrx_word' id='word_1_74' title='bbox 912 1725 989 1788; x_wconf 85' lang='lat' dir='ltr'><strong>bene</strong></span> <span class='ocrx_word' id='word_1_75' title='bbox 1012 1727 1099 1789; x_wconf 80' lang='lat' dir='ltr'><strong>cedet</strong></span> 
     </span>
     <span class='ocr_line' id='line_1_12' title="bbox 227 1833 1027 1916; baseline -0.004 -15"><span class='ocrx_word' id='word_1_76' title='bbox 227 1837 450 1910; x_wconf 75' lang='lat' dir='ltr'><strong>volventibus,</strong></span> <span class='ocrx_word' id='word_1_77' title='bbox 472 1833 525 1898; x_wconf 90' lang='lat' dir='ltr'><strong>ubi</strong></span> <span class='ocrx_word' id='word_1_78' title='bbox 547 1843 606 1898; x_wconf 90' lang='lat' dir='ltr'><strong>stat</strong></span> <span class='ocrx_word' id='word_1_79' title='bbox 625 1853 746 1916; x_wconf 89' lang='lat' dir='ltr'><strong>semper</strong></span> <span class='ocrx_word' id='word_1_80' title='bbox 766 1836 935 1898; x_wconf 79' lang='lat' dir='ltr'><strong>mercabilis</strong></span> <span class='ocrx_word' id='word_1_81' title='bbox 957 1853 1027 1898; x_wconf 87' lang='lat' dir='ltr'><strong>aere</strong></span> 
     </span>
    </p>

    <p class='ocr_par' dir='ltr' id='par_1_5' title="bbox 178 1921 1142 2468">
     <span class='ocr_line' id='line_1_13' title="bbox 178 1921 1142 2026; baseline -0.007 -13"><span class='ocrx_word' id='word_1_82' title='bbox 178 1958 211 2013; x_wconf 76' lang='lat' dir='ltr'><strong>td</strong></span> <span class='ocrx_word' id='word_1_83' title='bbox 229 1949 382 2022; x_wconf 77' lang='lat' dir='ltr'><strong>Christus3</strong></span> <span class='ocrx_word' id='word_1_84' title='bbox 404 1953 433 2008; x_wconf 88' lang='lat' dir='ltr'><strong>et</strong></span> <span class='ocrx_word' id='word_1_85' title='bbox 455 1948 599 2010; x_wconf 83' lang='lat' dir='ltr'><strong>odeusom</strong></span> <span class='ocrx_word' id='word_1_86' title='bbox 620 1921 743 2025; x_wconf 77' lang='lat' dir='ltr'><strong>partem,</strong></span> <span class='ocrx_word' id='word_1_87' title='bbox 766 1951 799 2007; x_wconf 91' lang='lat' dir='ltr'><strong>ut</strong></span> <span class='ocrx_word' id='word_1_88' title='bbox 819 1946 861 2018; x_wconf 88' lang='lat' dir='ltr'><strong>dt,</strong></span> <span class='ocrx_word' id='word_1_89' title='bbox 884 1944 970 2024; x_wconf 83' lang='lat' dir='ltr'><strong>culpa</strong></span> <span class='ocrx_word' id='word_1_90' title='bbox 992 1953 1142 2026; x_wconf 87' lang='lat' dir='ltr'><strong>sequetur,</strong></span> 
     </span>
     <span class='ocr_line' id='line_1_14' title="bbox 227 2054 932 2135; baseline -0.006 -15"><span class='ocrx_word' id='word_1_91' title='bbox 227 2059 331 2120; x_wconf 85' lang='lat' dir='ltr'><strong>Judioe</strong></span> <span class='ocrx_word' id='word_1_92' title='bbox 352 2055 465 2134; x_wconf 75' lang='lat' dir='ltr'><strong>vulgari</strong></span> <span class='ocrx_word' id='word_1_93' title='bbox 487 2055 581 2129; x_wconf 69' lang='lat' dir='ltr'><strong>iomar</strong></span> <span class='ocrx_word' id='word_1_94' title='bbox 603 2055 657 2116; x_wconf 89' lang='lat' dir='ltr'><strong>sed</strong></span> <span class='ocrx_word' id='word_1_95' title='bbox 680 2054 814 2135; x_wconf 79' lang='lat' dir='ltr'><strong>proxima</strong></span> <span class='ocrx_word' id='word_1_96' title='bbox 835 2072 932 2135; x_wconf 86' lang='lat' dir='ltr'><strong>poena</strong></span> 
     </span>
     <span class='ocr_line' id='line_1_15' title="bbox 229 2164 1005 2244; baseline -0.006 -14"><span class='ocrx_word' id='word_1_97' title='bbox 229 2168 327 2230; x_wconf 86' lang='lat' dir='ltr'><strong>Testis</strong></span> <span class='ocrx_word' id='word_1_98' title='bbox 349 2167 406 2229; x_wconf 88' lang='lat' dir='ltr'><strong>erit</strong></span> <span class='ocrx_word' id='word_1_99' title='bbox 426 2166 488 2228; x_wconf 88' lang='lat' dir='ltr'><strong>veri</strong></span> <span class='ocrx_word' id='word_1_100' title='bbox 510 2182 646 2226; x_wconf 84' lang='lat' dir='ltr'><strong>caussam</strong></span> <span class='ocrx_word' id='word_1_101' title='bbox 668 2164 840 2226; x_wconf 81' lang='lat' dir='ltr'><strong>uleiseootis</strong></span> <span class='ocrx_word' id='word_1_102' title='bbox 860 2164 1005 2244; x_wconf 89' lang='lat' dir='ltr'><strong>iniquam.</strong></span> 
     </span>
     <span class='ocr_line' id='line_1_16' title="bbox 230 2273 1097 2356; baseline -0.007 -15"><span class='ocrx_word' id='word_1_103' title='bbox 230 2278 345 2350; x_wconf 86' lang='lat' dir='ltr'><strong>Omnia,</strong></span> <span class='ocrx_word' id='word_1_104' title='bbox 369 2295 444 2356; x_wconf 87' lang='lat' dir='ltr'><strong>quae</strong></span> <span class='ocrx_word' id='word_1_105' title='bbox 467 2276 586 2336; x_wconf 78' lang='lat' dir='ltr'><strong>inerunt</strong></span> <span class='ocrx_word' id='word_1_106' title='bbox 608 2274 661 2336; x_wconf 92' lang='lat' dir='ltr'><strong>tibi</strong></span> <span class='ocrx_word' id='word_1_107' title='bbox 682 2275 808 2354; x_wconf 80' lang='lat' dir='ltr'><strong>pignora</strong></span> <span class='ocrx_word' id='word_1_108' title='bbox 830 2291 907 2347; x_wconf 80' lang='lat' dir='ltr'><strong>aare,</strong></span> <span class='ocrx_word' id='word_1_109' title='bbox 928 2273 1097 2354; x_wconf 86' lang='lat' dir='ltr'><strong>relinques;</strong></span> 
     </span>
     <span class='ocr_line' id='line_1_17' title="bbox 228 2383 1031 2468; baseline -0.002 -20"><span class='ocrx_word' id='word_1_110' title='bbox 228 2387 323 2468; x_wconf 79' lang='lat' dir='ltr'><strong>Atque</strong></span> <span class='ocrx_word' id='word_1_111' title='bbox 344 2386 412 2459; x_wconf 88' lang='lat' dir='ltr'><strong>boo,</strong></span> <span class='ocrx_word' id='word_1_112' title='bbox 435 2383 519 2448; x_wconf 83' lang='lat' dir='ltr'><strong>exilii</strong></span> <span class='ocrx_word' id='word_1_113' title='bbox 540 2384 619 2465; x_wconf 90' lang='lat' dir='ltr'><strong>qood</strong></span> <span class='ocrx_word' id='word_1_114' title='bbox 641 2385 770 2465; x_wconf 89' lang='lat' dir='ltr'><strong>primum</strong></span> <span class='ocrx_word' id='word_1_115' title='bbox 791 2384 914 2464; x_wconf 84' lang='lat' dir='ltr'><strong>conjicit</strong></span> <span class='ocrx_word' id='word_1_116' title='bbox 934 2401 1031 2457; x_wconf 84' lang='lat' dir='ltr'><strong>areos,</strong></span> 
     </span>
    </p>

    <p class='ocr_par' dir='ltr' id='par_1_6' title="bbox 179 2493 1080 3017">
     <span class='ocr_line' id='line_1_18' title="bbox 179 2493 994 2574; baseline -0.009 -11"><span class='ocrx_word' id='word_1_117' title='bbox 179 2508 213 2564; x_wconf 78' lang='lat' dir='ltr'><strong>dt)</strong></span> <span class='ocrx_word' id='word_1_118' title='bbox 228 2498 282 2560; x_wconf 86' lang='lat' dir='ltr'><strong>Est</strong></span> <span class='ocrx_word' id='word_1_119' title='bbox 302 2497 403 2558; x_wconf 89' lang='lat' dir='ltr'><strong>telum.</strong></span> <span class='ocrx_word' id='word_1_120' title='bbox 446 2494 561 2568; x_wconf 82' lang='lat' dir='ltr'><strong>Disoes,</strong></span> <span class='ocrx_word' id='word_1_121' title='bbox 584 2502 617 2557; x_wconf 90' lang='lat' dir='ltr'><strong>ut</strong></span> <span class='ocrx_word' id='word_1_122' title='bbox 639 2494 682 2556; x_wconf 79' lang='lat' dir='ltr'><strong>sol</strong></span> <span class='ocrx_word' id='word_1_123' title='bbox 705 2494 784 2574; x_wconf 89' lang='lat' dir='ltr'><strong>sapit</strong></span> <span class='ocrx_word' id='word_1_124' title='bbox 805 2511 873 2556; x_wconf 83' lang='lat' dir='ltr'><strong>sore</strong></span> <span class='ocrx_word' id='word_1_125' title='bbox 894 2493 994 2573; x_wconf 83' lang='lat' dir='ltr'><strong>palato</strong></span> 
     </span>
     <span class='ocr_line' id='line_1_19' title="bbox 229 2587 942 2685; baseline -0.004 -16"><span class='ocrx_word' id='word_1_126' title='bbox 229 2607 357 2669; x_wconf 80' lang='lat' dir='ltr'><strong>Alterius</strong></span> <span class='ocrx_word' id='word_1_127' title='bbox 378 2603 475 2685; x_wconf 87' lang='lat' dir='ltr'><strong>panis,</strong></span> <span class='ocrx_word' id='word_1_128' title='bbox 499 2587 588 2684; x_wconf 85' lang='lat' dir='ltr'><strong>quadr</strong></span> <span class='ocrx_word' id='word_1_129' title='bbox 611 2604 650 2665; x_wconf 88' lang='lat' dir='ltr'><strong>sit</strong></span> <span class='ocrx_word' id='word_1_130' title='bbox 668 2604 716 2664; x_wconf 86' lang='lat' dir='ltr'><strong>via</strong></span> <span class='ocrx_word' id='word_1_131' title='bbox 738 2604 812 2668; x_wconf 86' lang='lat' dir='ltr'><strong>dura</strong></span> <span class='ocrx_word' id='word_1_132' title='bbox 835 2603 942 2668; x_wconf 82' lang='lat' dir='ltr'><strong>terenti</strong></span> 
     </span>
     <span class='ocr_line' id='line_1_20' title="bbox 229 2714 1010 2794; baseline -0.004 -15"><span class='ocrx_word' id='word_1_133' title='bbox 229 2717 358 2780; x_wconf 78' lang='lat' dir='ltr'><strong>Alterius</strong></span> <span class='ocrx_word' id='word_1_134' title='bbox 380 2714 485 2788; x_wconf 82' lang='lat' dir='ltr'><strong>scalas,</strong></span> <span class='ocrx_word' id='word_1_135' title='bbox 508 2733 627 2776; x_wconf 74' lang='lat' dir='ltr'><strong>sonsum</strong></span> <span class='ocrx_word' id='word_1_136' title='bbox 650 2715 849 2794; x_wconf 86' lang='lat' dir='ltr'><strong>deorsumque</strong></span> <span class='ocrx_word' id='word_1_137' title='bbox 872 2714 1010 2776; x_wconf 78' lang='lat' dir='ltr'><strong>meando.</strong></span> 
     </span>
     <span class='ocr_line' id='line_1_21' title="bbox 231 2823 1080 2906; baseline -0.004 -17"><span class='ocrx_word' id='word_1_138' title='bbox 231 2827 378 2906; x_wconf 86' lang='lat' dir='ltr'><strong>Quodque</strong></span> <span class='ocrx_word' id='word_1_139' title='bbox 398 2824 493 2903; x_wconf 74' lang='lat' dir='ltr'><strong>magis</strong></span> <span class='ocrx_word' id='word_1_140' title='bbox 514 2824 589 2886; x_wconf 89' lang='lat' dir='ltr'><strong>duro</strong></span> <span class='ocrx_word' id='word_1_141' title='bbox 611 2832 660 2886; x_wconf 92' lang='lat' dir='ltr'><strong>tua</strong></span> <span class='ocrx_word' id='word_1_142' title='bbox 681 2825 816 2904; x_wconf 86' lang='lat' dir='ltr'><strong>pondero</strong></span> <span class='ocrx_word' id='word_1_143' title='bbox 837 2835 918 2903; x_wconf 78' lang='lat' dir='ltr'><strong>terga</strong></span> <span class='ocrx_word' id='word_1_144' title='bbox 940 2823 1080 2904; x_wconf 75' lang='lat' dir='ltr'><strong>gravabit,</strong></span> 
     </span>
     <span class='ocr_line' id='line_1_22' title="bbox 230 2934 1031 3017; baseline -0.002 -19"><span class='ocrx_word' id='word_1_145' title='bbox 230 2935 369 3017; x_wconf 80' lang='lat' dir='ltr'><strong>Improba</strong></span> <span class='ocrx_word' id='word_1_146' title='bbox 391 2934 448 2997; x_wconf 84' lang='lat' dir='ltr'><strong>erit</strong></span> <span class='ocrx_word' id='word_1_147' title='bbox 469 2934 609 2998; x_wconf 86' lang='lat' dir='ltr'><strong>oomitum</strong></span> <span class='ocrx_word' id='word_1_148' title='bbox 630 2934 772 2998; x_wconf 84' lang='lat' dir='ltr'><strong>delabens</strong></span> <span class='ocrx_word' id='word_1_149' title='bbox 793 2935 880 2997; x_wconf 87' lang='lat' dir='ltr'><strong>turba</strong></span> <span class='ocrx_word' id='word_1_150' title='bbox 902 2942 1031 3004; x_wconf 86' lang='lat' dir='ltr'><strong>tuorum,</strong></span> 
     </span>
    </p>

    <p class='ocr_par' dir='ltr' id='par_1_7' title="bbox 180 3043 1063 3562">
     <span class='ocr_line' id='line_1_23' title="bbox 180 3043 1000 3124; baseline -0.007 -12"><span class='ocrx_word' id='word_1_151' title='bbox 180 3057 214 3114; x_wconf 70' lang='lat'><strong>⁶5</strong></span> <span class='ocrx_word' id='word_1_152' title='bbox 231 3047 305 3108; x_wconf 88' lang='lat' dir='ltr'><strong>Cum</strong></span> <span class='ocrx_word' id='word_1_153' title='bbox 327 3063 385 3124; x_wconf 88' lang='lat' dir='ltr'><strong>qua</strong></span> <span class='ocrx_word' id='word_1_154' title='bbox 406 3051 437 3106; x_wconf 88' lang='lat' dir='ltr'><strong>tu</strong></span> <span class='ocrx_word' id='word_1_155' title='bbox 458 3044 572 3124; x_wconf 79' lang='lat' dir='ltr'><strong>pariter</strong></span> <span class='ocrx_word' id='word_1_156' title='bbox 591 3044 697 3106; x_wconf 82' lang='lat' dir='ltr'><strong>radam</strong></span> <span class='ocrx_word' id='word_1_157' title='bbox 718 3045 828 3107; x_wconf 82' lang='lat' dir='ltr'><strong>laberis</strong></span> <span class='ocrx_word' id='word_1_158' title='bbox 849 3043 881 3105; x_wconf 91' lang='lat' dir='ltr'><strong>in</strong></span> <span class='ocrx_word' id='word_1_159' title='bbox 903 3043 1000 3106; x_wconf 86' lang='lat' dir='ltr'><strong>istam.</strong></span> 
     </span>
     <span class='ocr_line' id='line_1_24' title="bbox 230 3137 1063 3233; baseline -0.004 -16"><span class='ocrx_word' id='word_1_160' title='bbox 230 3155 305 3218; x_wconf 89' lang='lat' dir='ltr'><strong>Nam</strong></span> <span class='ocrx_word' id='word_1_161' title='bbox 325 3137 403 3218; x_wconf 80' lang='lat' dir='ltr'><strong>male</strong></span> <span class='ocrx_word' id='word_1_162' title='bbox 426 3162 507 3233; x_wconf 80' lang='lat' dir='ltr'><strong>grata</strong></span> <span class='ocrx_word' id='word_1_163' title='bbox 528 3153 592 3227; x_wconf 83' lang='lat' dir='ltr'><strong>tibi,</strong></span> <span class='ocrx_word' id='word_1_164' title='bbox 614 3161 645 3220; x_wconf 86' lang='lat' dir='ltr'><strong>et</strong></span> <span class='ocrx_word' id='word_1_165' title='bbox 666 3171 757 3216; x_wconf 88' lang='lat' dir='ltr'><strong>oeeoa</strong></span> <span class='ocrx_word' id='word_1_166' title='bbox 777 3153 932 3233; x_wconf 84' lang='lat' dir='ltr'><strong>deperdita</strong></span> <span class='ocrx_word' id='word_1_167' title='bbox 954 3159 1063 3225; x_wconf 87' lang='lat' dir='ltr'><strong>mente,</strong></span> 
     </span>
     <span class='ocr_line' id='line_1_25' title="bbox 231 3262 1021 3346; baseline -0.006 -18"><span class='ocrx_word' id='word_1_168' title='bbox 231 3266 384 3346; x_wconf 80' lang='lat' dir='ltr'><strong>Impiaque</strong></span> <span class='ocrx_word' id='word_1_169' title='bbox 405 3263 564 3326; x_wconf 84' lang='lat' dir='ltr'><strong>adversans</strong></span> <span class='ocrx_word' id='word_1_170' title='bbox 586 3270 653 3325; x_wconf 86' lang='lat' dir='ltr'><strong>ruet</strong></span> <span class='ocrx_word' id='word_1_171' title='bbox 674 3263 706 3324; x_wconf 89' lang='lat' dir='ltr'><strong>iu</strong></span> <span class='ocrx_word' id='word_1_172' title='bbox 727 3273 757 3325; x_wconf 89' lang='lat' dir='ltr'><strong>te</strong></span> <span class='ocrx_word' id='word_1_173' title='bbox 780 3271 857 3338; x_wconf 79' lang='lat' dir='ltr'><strong>tota3</strong></span> <span class='ocrx_word' id='word_1_174' title='bbox 880 3262 934 3324; x_wconf 89' lang='lat' dir='ltr'><strong>sed</strong></span> <span class='ocrx_word' id='word_1_175' title='bbox 956 3262 1021 3342; x_wconf 83' lang='lat' dir='ltr'><strong>ipss</strong></span> 
     </span>
     <span class='ocr_line' id='line_1_26' title="bbox 230 3371 928 3456; baseline -0.009 -16"><span class='ocrx_word' id='word_1_176' title='bbox 230 3375 304 3442; x_wconf 88' lang='lat' dir='ltr'><strong>Post</strong></span> <span class='ocrx_word' id='word_1_177' title='bbox 323 3373 412 3456; x_wconf 85' lang='lat' dir='ltr'><strong>paulo</strong></span> <span class='ocrx_word' id='word_1_178' title='bbox 435 3374 554 3436; x_wconf 82' lang='lat' dir='ltr'><strong>incedet</strong></span> <span class='ocrx_word' id='word_1_179' title='bbox 574 3372 652 3436; x_wconf 88' lang='lat' dir='ltr'><strong>tristi</strong></span> <span class='ocrx_word' id='word_1_180' title='bbox 673 3373 786 3436; x_wconf 85' lang='lat' dir='ltr'><strong>suffusa</strong></span> <span class='ocrx_word' id='word_1_181' title='bbox 808 3371 928 3436; x_wconf 77' lang='lat' dir='ltr'><strong>ubero.</strong></span> 
     </span>
     <span class='ocr_line' id='line_1_27' title="bbox 230 3481 897 3562; baseline -0.006 -14"><span class='ocrx_word' id='word_1_182' title='bbox 230 3485 334 3547; x_wconf 82' lang='lat' dir='ltr'><strong>Exitus</strong></span> <span class='ocrx_word' id='word_1_183' title='bbox 356 3484 455 3545; x_wconf 92' lang='lat' dir='ltr'><strong>insani</strong></span> <span class='ocrx_word' id='word_1_184' title='bbox 475 3491 574 3544; x_wconf 87' lang='lat' dir='ltr'><strong>motus</strong></span> <span class='ocrx_word' id='word_1_185' title='bbox 595 3482 642 3544; x_wconf 88' lang='lat' dir='ltr'><strong>sio</strong></span> <span class='ocrx_word' id='word_1_186' title='bbox 662 3493 727 3544; x_wconf 85' lang='lat' dir='ltr'><strong>aeta</strong></span> <span class='ocrx_word' id='word_1_187' title='bbox 748 3481 897 3562; x_wconf 82' lang='lat' dir='ltr'><strong>probabit,</strong></span> 
     </span>
    </p>

    <p class='ocr_par' dir='ltr' id='par_1_8' title="bbox 181 3591 1083 4113">
     <span class='ocr_line' id='line_1_28' title="bbox 181 3591 1001 3675; baseline -0.007 -17"><span class='ocrx_word' id='word_1_188' title='bbox 181 3605 214 3658; x_wconf 88' lang='lat' dir='ltr'><strong>eo</strong></span> <span class='ocrx_word' id='word_1_189' title='bbox 230 3595 269 3657; x_wconf 90' lang='lat' dir='ltr'><strong>Ut</strong></span> <span class='ocrx_word' id='word_1_190' title='bbox 290 3594 446 3675; x_wconf 80' lang='lat' dir='ltr'><strong>pulobrtun</strong></span> <span class='ocrx_word' id='word_1_191' title='bbox 466 3593 558 3661; x_wconf 81' lang='lat' dir='ltr'><strong>tuerit</strong></span> <span class='ocrx_word' id='word_1_192' title='bbox 576 3591 630 3655; x_wconf 90' lang='lat' dir='ltr'><strong>tibi</strong></span> <span class='ocrx_word' id='word_1_193' title='bbox 653 3592 840 3656; x_wconf 81' lang='lat' dir='ltr'><strong>consuluisse</strong></span> <span class='ocrx_word' id='word_1_194' title='bbox 862 3591 1001 3656; x_wconf 87' lang='lat' dir='ltr'><strong>seorsim.</strong></span> 
     </span>
     <span class='ocr_line' id='line_1_29' title="bbox 230 3700 1034 3784; baseline -0.007 -16"><span class='ocrx_word' id='word_1_195' title='bbox 230 3705 364 3768; x_wconf 90' lang='lat' dir='ltr'><strong>Primum</strong></span> <span class='ocrx_word' id='word_1_196' title='bbox 384 3703 560 3784; x_wconf 72' lang='lat' dir='ltr'><strong>perfugium,</strong></span> <span class='ocrx_word' id='word_1_197' title='bbox 582 3702 706 3783; x_wconf 88' lang='lat' dir='ltr'><strong>bospitii</strong></span> <span class='ocrx_word' id='word_1_198' title='bbox 728 3720 801 3783; x_wconf 86' lang='lat' dir='ltr'><strong>spes</strong></span> <span class='ocrx_word' id='word_1_199' title='bbox 821 3701 916 3782; x_wconf 87' lang='lat' dir='ltr'><strong>prima</strong></span> <span class='ocrx_word' id='word_1_200' title='bbox 939 3700 1034 3782; x_wconf 85' lang='lat' dir='ltr'><strong>quieti</strong></span> 
     </span>
     <span class='ocr_line' id='line_1_30' title="bbox 231 3812 885 3890; baseline -0.002 -14"><span class='ocrx_word' id='word_1_201' title='bbox 231 3813 414 3878; x_wconf 85' lang='lat' dir='ltr'><strong>Veronensis</strong></span> <span class='ocrx_word' id='word_1_202' title='bbox 436 3813 493 3875; x_wconf 88' lang='lat' dir='ltr'><strong>erit</strong></span> <span class='ocrx_word' id='word_1_203' title='bbox 512 3813 612 3890; x_wconf 78' lang='lat' dir='ltr'><strong>magni</strong></span> <span class='ocrx_word' id='word_1_204' title='bbox 633 3821 738 3874; x_wconf 73' lang='lat' dir='ltr'><strong>nanus</strong></span> <span class='ocrx_word' id='word_1_205' title='bbox 758 3812 885 3890; x_wconf 80' lang='lat' dir='ltr'><strong>benigna</strong></span> 
     </span>
     <span class='ocr_line' id='line_1_31' title="bbox 231 3921 985 4002; baseline -0.005 -16"><span class='ocrx_word' id='word_1_206' title='bbox 231 3925 383 3987; x_wconf 87' lang='lat' dir='ltr'><strong>Portantis</strong></span> <span class='ocrx_word' id='word_1_207' title='bbox 405 3922 524 3999; x_wconf 84' lang='lat' dir='ltr'><strong>scalam,</strong></span> <span class='ocrx_word' id='word_1_208' title='bbox 547 3930 651 3984; x_wconf 83' lang='lat' dir='ltr'><strong>sanato</strong></span> <span class='ocrx_word' id='word_1_209' title='bbox 673 3939 765 4002; x_wconf 89' lang='lat' dir='ltr'><strong>super</strong></span> <span class='ocrx_word' id='word_1_210' title='bbox 785 3921 856 3986; x_wconf 86' lang='lat' dir='ltr'><strong>ab&#39;te</strong></span> <span class='ocrx_word' id='word_1_211' title='bbox 878 3927 985 3982; x_wconf 87' lang='lat' dir='ltr'><strong>stante.</strong></span> 
     </span>
     <span class='ocr_line' id='line_1_32' title="bbox 232 4029 1083 4113; baseline -0.006 -17"><span class='ocrx_word' id='word_1_212' title='bbox 232 4033 288 4096; x_wconf 85' lang='lat' dir='ltr'><strong>Hie</strong></span> <span class='ocrx_word' id='word_1_213' title='bbox 310 4041 339 4096; x_wconf 89' lang='lat' dir='ltr'><strong>te</strong></span> <span class='ocrx_word' id='word_1_214' title='bbox 360 4034 501 4113; x_wconf 76' lang='lat' dir='ltr'><strong>respiciet</strong></span> <span class='ocrx_word' id='word_1_215' title='bbox 524 4041 583 4096; x_wconf 90' lang='lat' dir='ltr'><strong>tam</strong></span> <span class='ocrx_word' id='word_1_216' title='bbox 602 4031 760 4105; x_wconf 79' lang='lat' dir='ltr'><strong>humanus,</strong></span> <span class='ocrx_word' id='word_1_217' title='bbox 781 4039 816 4093; x_wconf 87' lang='lat' dir='ltr'><strong>ut</strong></span> <span class='ocrx_word' id='word_1_218' title='bbox 835 4031 915 4095; x_wconf 85' lang='lat' dir='ltr'><strong>inter</strong></span> <span class='ocrx_word' id='word_1_219' title='bbox 935 4029 1083 4108; x_wconf 85' lang='lat' dir='ltr'><strong>utrimque</strong></span> 
     </span>
    </p>

    <p class='ocr_par' dir='ltr' id='par_1_9' title="bbox 182 4139 1157 4554">
     <span class='ocr_line' id='line_1_33' title="bbox 182 4139 1157 4224; baseline -0.007 -17"><span class='ocrx_word' id='word_1_220' title='bbox 182 4154 215 4207; x_wconf 79' lang='lat'><strong>65</strong></span> <span class='ocrx_word' id='word_1_221' title='bbox 232 4143 357 4206; x_wconf 86' lang='lat' dir='ltr'><strong>Dantem</strong></span> <span class='ocrx_word' id='word_1_222' title='bbox 380 4162 414 4204; x_wconf 92' lang='lat' dir='ltr'><strong>ao</strong></span> <span class='ocrx_word' id='word_1_223' title='bbox 435 4150 619 4224; x_wconf 81' lang='lat' dir='ltr'><strong>poscentem,</strong></span> <span class='ocrx_word' id='word_1_224' title='bbox 642 4143 692 4223; x_wconf 89' lang='lat' dir='ltr'><strong>qui</strong></span> <span class='ocrx_word' id='word_1_225' title='bbox 714 4141 788 4204; x_wconf 87' lang='lat' dir='ltr'><strong>alias</strong></span> <span class='ocrx_word' id='word_1_226' title='bbox 810 4141 888 4202; x_wconf 89' lang='lat' dir='ltr'><strong>solet</strong></span> <span class='ocrx_word' id='word_1_227' title='bbox 909 4157 976 4202; x_wconf 87' lang='lat' dir='ltr'><strong>asse</strong></span> <span class='ocrx_word' id='word_1_228' title='bbox 998 4139 1157 4212; x_wconf 79' lang='lat' dir='ltr'><strong>secundus,</strong></span> 
     </span>
     <span class='ocr_line' id='line_1_34' title="bbox 232 4237 1115 4334; baseline -0.006 -19"><span class='ocrx_word' id='word_1_229' title='bbox 232 4253 288 4316; x_wconf 85' lang='lat' dir='ltr'><strong>Hie</strong></span> <span class='ocrx_word' id='word_1_230' title='bbox 310 4237 511 4332; x_wconf 71' lang='lat' dir='ltr'><strong>deprendatur</strong></span> <span class='ocrx_word' id='word_1_231' title='bbox 530 4253 656 4334; x_wconf 87' lang='lat' dir='ltr'><strong>primus.</strong></span> <span class='ocrx_word' id='word_1_232' title='bbox 699 4251 813 4316; x_wconf 83' lang='lat' dir='ltr'><strong>Deinde</strong></span> <span class='ocrx_word' id='word_1_233' title='bbox 834 4250 902 4330; x_wconf 89' lang='lat' dir='ltr'><strong>ipsa</strong></span> <span class='ocrx_word' id='word_1_234' title='bbox 923 4247 1039 4311; x_wconf 86' lang='lat' dir='ltr'><strong>ridebis</strong></span> <span class='ocrx_word' id='word_1_235' title='bbox 1112 4293 1115 4300; x_wconf 85' lang='lat'>-</span> 
     </span>
     <span class='ocr_line' id='line_1_35' title="bbox 232 4360 949 4444; baseline -0.008 -18"><span class='ocrx_word' id='word_1_236' title='bbox 232 4363 327 4444; x_wconf 84' lang='lat' dir='ltr'><strong>Hujus</strong></span> <span class='ocrx_word' id='word_1_237' title='bbox 349 4364 390 4425; x_wconf 89' lang='lat' dir='ltr'><strong>ita</strong></span> <span class='ocrx_word' id='word_1_238' title='bbox 411 4364 555 4429; x_wconf 85' lang='lat' dir='ltr'><strong>imbutum</strong></span> <span class='ocrx_word' id='word_1_239' title='bbox 577 4361 664 4424; x_wconf 80' lang='lat' dir='ltr'><strong>tortis</strong></span> <span class='ocrx_word' id='word_1_240' title='bbox 685 4362 791 4424; x_wconf 84' lang='lat' dir='ltr'><strong>virtuto</strong></span> <span class='ocrx_word' id='word_1_241' title='bbox 813 4360 949 4440; x_wconf 81' lang='lat' dir='ltr'><strong>planetae</strong></span> 
     </span>
     <span class='ocr_line' id='line_1_36' title="bbox 232 4469 997 4554; baseline -0.008 -18"><span class='ocrx_word' id='word_1_242' title='bbox 232 4473 368 4536; x_wconf 87' lang='lat' dir='ltr'><strong>Natalia</strong></span> <span class='ocrx_word' id='word_1_243' title='bbox 389 4474 486 4554; x_wconf 90' lang='lat' dir='ltr'><strong>primo</strong></span> <span class='ocrx_word' id='word_1_244' title='bbox 508 4489 642 4553; x_wconf 85' lang='lat' dir='ltr'><strong>puerum,</strong></span> <span class='ocrx_word' id='word_1_245' title='bbox 666 4480 699 4534; x_wconf 84' lang='lat' dir='ltr'><strong>nt</strong></span> <span class='ocrx_word' id='word_1_246' title='bbox 718 4470 898 4551; x_wconf 84' lang='lat' dir='ltr'><strong>praelustria</strong></span> <span class='ocrx_word' id='word_1_247' title='bbox 920 4469 997 4530; x_wconf 79' lang='lat' dir='ltr'><strong>teoto</strong></span> 
     </span>
    </p>
   </div>
   <div class='ocr_carea' id='block_1_3' title="bbox 0 0 1652 5404">
    <p class='ocr_par' dir='ltr' id='par_1_10' title="bbox 0 0 1652 5404">
     <span class='ocr_line' id='line_1_37' title="bbox 0 0 1652 5404; baseline 0 0"><span class='ocrx_word' id='word_1_248' title='bbox 0 0 1652 5404; x_wconf 95' lang='lat' dir='ltr'><strong> </strong></span> 
     </span>
    </p>
   </div>
  </div>
 </body>
</html>
