3282 5404
337 427 398 490 316
772 429 906 478 1111111
924 429 1022 479 rivin.

401 646 572 723 Neglectam
595 665 611 707 a
633 656 742 721 vestro,
766 665 841 726 quoe
864 657 999 726 estpars
1022 646 1193 720 centesimo,
1215 655 1332 726 partem

403 759 541 829 Caesare,
565 757 610 818 sic
632 755 721 818 orbos
744 774 870 836 superos
892 756 993 834 rugire
1013 754 1138 817 ridebis.

401 867 477 928 Nam
498 873 668 945 exspectato
691 865 742 927 diu
762 883 879 946 puppes
901 867 1021 927 fortuna
1042 864 1181 939 revolvet,

320 975 561 1052 ,111811111ὴί
583 991 663 1036 nunc
683 993 799 1056 prorcc,
823 983 851 1038 et
873 974 979 1038 classis
1002 975 1113 1036 directa
1135 975 1265 1051 feretum

402 1084 497 1148 Verus
519 1093 549 1147 et
569 1091 705 1166 erumpet
725 1093 796 1165 post
815 1086 921 1148 floram
942 1103 979 1148 cx
999 1085 1104 1148 arbore
1126 1085 1250 1147 tructus.

865 1345 1009 1427 xxiiii.

446 1524 644 1603 Posteaquam
667 1523 798 1586 ostendit
818 1523 976 1614 manifesto
998 1522 1110 1585 lumine
1131 1543 1210 1598 1111,

406 1633 531 1709 Qualem
552 1652 631 1695 nunc
652 1632 764 1711 agitent
784 1632 918 1694 mortalia
939 1640 1062 1711 pectora
1082 1632 1182 1706 vitam,

406 1744 489 1817 Quae
511 1742 584 1804 facit
607 1761 640 1804 er
663 1742 745 1804 omni
767 1741 874 1804 mulier
895 1761 943 1804 me
964 1752 1047 1821 parta
1069 1742 1207 1817 heatum3

408 1854 443 1915 Ut
464 1853 613 1914 flammam
634 1852 715 1914 videt
736 1852 890 1914 incensam
913 1852 1106 1932 quadruplicia
1127 1853 1245 1932 lychno,

372 1974 389 2028 5
407 1962 465 2037 Qui
488 1961 643 2043 specuium
664 1961 815 2044 inspiciat,
838 1981 895 2042 pos
918 1971 1031 2040 tergum
1053 1962 1119 2025 luce
1141 1963 1281 2036 micante,

405 2074 482 2136 Ante
503 2073 581 2133 hanc
604 2091 691 2150 quarn
712 2071 810 2152 possit
832 2070 918 2133 oculo
940 2073 987 2134 rel
1009 2079 1108 2136 mento
1129 2074 1216 2144 tueri,

406 2184 502 2262 Atque
524 2182 561 2256 is,
583 2182 710 2254 nisurus,
733 2199 805 2244 num
826 2182 932 2244 viuum
952 2201 1021 2244 vera
1044 2191 1184 2262 reportat

407 2293 541 2374 Respicit
564 2300 652 2372 atque
673 2293 820 2371 utrimque
842 2292 923 2352 videt
944 2291 1002 2352 sibi
1024 2309 1156 2370 congrua
1177 2300 1292 2368 cuncta,

407 2403 446 2465 Ut
468 2411 561 2464 metro
583 2420 754 2466 numerum:
776 2401 901 2463 memori
924 2402 967 2464 sic
988 2409 1087 2463 mente
1108 2410 1249 2480 repostus

361 2519 392 2572 1⁰
410 2514 475 2575 Stat
495 2512 569 2574 mihi
592 2518 750 2592 suspectus
772 2511 906 2592 pulchris
928 2512 960 2572 in
981 2510 1099 2574 lucibus
1120 2510 1257 2586 haerens,

409 2624 453 2685 De
476 2622 583 2701 quibus
605 2621 764 2684 insidiatus
788 2640 872 2682 amor
893 2621 966 2682 mihi
987 2620 1104 2682 vincula
1127 2621 1207 2682 iecit..
1265 2619 1272 2637 ¹

411 2731 507 2810 thue
530 2747 584 2806 rgo
607 2730 737 2809 respexi,
759 2739 847 2809 atque
868 2731 927 2792 mei
950 2731 1024 2792 inihi
1044 2730 1155 2794 lumina
1177 2731 1260 2794 visus

410 2841 555 2917 attigerat
577 2839 694 2918 species
717 2839 866 2920 descripta
887 2840 1036 2902 volumine
1057 2841 1089 2902 in
1110 2840 1171 2914 illo,

413 2952 486 3012 Sese
509 2949 590 3012 ecies
613 2948 691 3011 oculi
713 2950 829 3028 quoties
851 2949 1014 3012 intenderit
1033 2949 1111 3021 illuc,

365 3064 395 3118 15
412 3060 540 3139 Adspexi
563 3067 705 3140 punctum
727 3058 847 3122 radians
870 3060 909 3120 ita
931 3059 1043 3121 lumine
1065 3067 1161 3132 acuto,

413 3171 450 3233 Ut
472 3170 512 3231 sit
531 3169 670 3232 ‘claudere
693 3188 778 3248 opnr,
801 3169 985 3232 vehementis
1007 3169 1144 3231 acumine
1165 3169 1241 3234 lucis
1304 3219 1306 3228 .

415 3281 499 3356 Quos
522 3281 615 3352 ardet,
638 3280 730 3340 visus.
774 3279 812 3340 Et
833 3280 913 3358 quod
936 3285 1056 3340 nostrae
1078 3279 1176 3340 incola
1198 3287 1295 3342 terrae

416 3390 558 3452 Cerneret
578 3391 649 3450 hinc
670 3389 826 3466 minimum
848 3390 941 3463 sidus,
963 3389 1053 3469 pleno
1075 3389 1148 3450 orbe
1170 3391 1320 3468 refulgens

414 3497 518 3560 Lunae
540 3499 746 3572 1111111111,
769 3499 795 3558 si
817 3499 875 3560 hoc
895 3503 1026 3579 propter'
1040 3499 1116 3560 sorte
1137 3499 1259 3574 locetur,

365 3608 558 3672 mnesides
580 3617 703 3688 propter
724 3608 817 3670 sidus.
860 3609 926 3670 Non
948 3609 1064 3686 longius
1087 3609 1205 3684 absens,

417 3719 514 3794 Quam
536 3719 586 3798 qui
607 3719 772 3797 praecingit
792 3718 898 3792 lucem,
921 3737 977 3798 qua
999 3718 1139 3797 pingitur,
1162 3718 1239 3793 halo,

418 3829 490 3890 Cum
512 3847 613 3908 vapor,
636 3829 715 3890 unde
737 3829 837 3901 oritur,
861 3828 1062 3903 accensior,
1085 3827 1190 3906 igneus
1212 3829 1285 3892 illud

417 3939 564 4000 Punctum
587 3956 619 4000 11
642 3938 753 3999 circum
776 3945 856 3999 tanto
878 3939 988 4018 impete
1011 3938 1119 4000 circlus
1141 3939 1255 4018 agebat,

420 4048 525 4109 Omnia
547 4055 580 4108 ut
601 4047 783 4128 amplectens
806 4067 893 4128 quam
908 4047 1120 4122 ,velocissimus
1143 4049 1225 4110 orbis

369 4165 402 4221 25
419 4158 547 4218 Tardior
567 4166 649 4220 esset
670 4158 706 4219 ad
727 4157 808 4218 hunc
828 4163 921 4218 motu.
965 4157 1171 4220 Circomdahet
1192 4159 1291 4239 ipsum

419 4266 508 4338 Alter,
531 4269 637 4331 tertius
659 4268 758 4340 hunc3
781 4265 851 4328 dein
873 4274 977 4346 quarto
999 4267 1115 4341 tertius
1138 4253 1209 4354 iste'

420 4375 540 4449 Quinto,
564 4385 624 4438 tum
648 4385 730 4438 sexto
755 4377 874 4458 quintus
896 4375 1095 4440 circumdatus
1117 4378 1188 4441 ibat.
1217 4354 1226 4380 ὲ
