3236 5394
563 577 755 628 turuuuoauu
774 576 850 626 xxix.

219 795 302 868 Quos
324 793 365 855 ita
387 801 545 875 corruptos
567 797 681 868 cernis,
703 803 775 856 tunc
796 813 873 856 unus
895 796 931 856 ad
953 795 1011 856 ista

216 904 385 984 Respondit
405 905 581 980 lacrimans3
605 905 657 967 sed
680 905 731 984 qui
753 924 808 966 nos
829 923 902 966 voce
923 900 1044 982 rogasti,

216 1013 326 1092 Ecquis
349 1012 405 1076 es?
426 1047 468 1060 -
489 1016 526 1076 tt
547 1016 667 1077 ductor:
691 1014 778 1087 Vani,
801 1014 983 1076 descendere
1005 1014 1125 1074 adortus

215 1122 353 1202 Europe
375 1123 406 1184 in
427 1143 552 1204 rupem,
576 1124 717 1186 ducturus
741 1142 849 1204 corpus
871 1125 1029 1186 habentem

164 1241 198 1292 00
216 1232 339 1305 Virum,
363 1233 520 1294 Tartareas
543 1234 657 1296 homini
679 1241 846 1295 monstrare
868 1251 1010 1294 cavernas

216 1341 331 1402 Certus.
375 1343 450 1403 Tum
472 1317 541 1404 dero
564 1363 631 1406 sese
653 1361 809 1405 commune
831 1343 952 1405 resolvit
1044 1381 1046 1390 ι

214 1450 369 1524 Fulcrum,
393 1459 423 1513 et
444 1453 570 1533 quisque
593 1455 723 1516 fremens
746 1453 849 1516 oculos
871 1461 959 1533 atque
982 1469 1034 1514 ora
1057 1451 1175 1512 tenebat

214 1560 248 1620 ln
271 1579 333 1633 me,
357 1580 473 1640 unaque
496 1563 561 1636 aiii,
585 1564 693 1644 quibus
715 1564 790 1624 haec
811 1582 866 1624 vox
887 1563 980 1624 iceret
1001 1580 1098 1623 aures.

257 1670 394 1750 Optimus
417 1674 546 1734 accessit
567 1672 698 1735 demisso
720 1672 846 1745 vertice,
869 1674 947 1733 satus

166 1788 197 1841 tto
215 1780 265 1844 Sic
287 1799 418 1854 mecum,
440 1783 574 1861 sapiens:
598 1782 667 1844 Istis
689 1789 721 1843 tu
744 1782 893 1853 edissere,
916 1781 1059 1861 quidquid

213 1891 273 1950 Vis.
317 1891 354 1953 ttt
376 1909 430 1970 ego
453 1892 555 1972 coepi,
578 1893 655 1954 hanc
678 1892 792 1953 veniam
815 1892 887 1952 mihi
910 1893 999 1953 dante
1020 1890 1179 1967 magistro:

214 2001 264 2062 Sic
287 2019 437 2080 nunquam
458 2009 587 2062 vestrum
610 2003 706 2082 primo
729 2008 868 2064 vanescat
889 2003 919 2062 in
942 2001 1015 2061 orbe

212 2110 360 2171 Mentibus
383 2110 502 2173 elabens
525 2130 648 2186 nomen,
673 2111 725 2172 sed
747 2112 824 2173 vivat
845 2111 875 2172 in
898 2129 1001 2172 aevum

212 2219 344 2281 Multum.
388 2220 454 2282 Non
475 2221 575 2300 pigeat
595 2221 646 2300 qui
668 2221 735 2282 sitis
757 2221 875 2292 dicere,
899 2229 929 2281 et
950 2222 1028 2282 unde

152 2341 197 2392 100
214 2329 260 2390 Sit
282 2347 392 2406 genus3
414 2330 492 2391 haud
515 2337 630 2392 vestrae
653 2331 771 2411 species
793 2329 966 2391 foedissima
989 2347 1103 2408 poenae

213 2439 375 2518 Impediat,
397 2447 527 2500 veterem
549 2447 714 2502 metuentes
736 2440 864 2520 prodere
888 2440 1005 2501 tamam.

254 2552 388 2610 Andarna
410 2549 483 2610 mihi
507 2550 593 2612 tellus
616 2558 662 2612 est
683 2551 792 2631 patria,
816 2549 866 2612 tali

214 2659 296 2720 Unus
318 2677 390 2720 voce
413 2660 494 2734 infit3
517 2662 687 2723 damnatum
710 2660 847 2739 moigne
870 2661 1015 2721 Sannusrs

213 2770 348 2830 Auernus
372 2770 554 2849 absumpsit,
578 2771 644 2844 sed,
670 2771 749 2849 quod
771 2789 819 2832 me
841 2777 937 2830 morte
958 2753 1104 2849 peremit,

152 2883 196 2936 loo
213 2878 296 2940 Haud
319 2879 377 2940 huc
398 2897 446 2941 me
465 2880 596 2943 adduxit.
631 2882 824 2960 Quamquam,
848 2888 881 2941 ut
897 2898 1000 2940 verum
1012 2877 1116 2940 ordine
1132 2876 1268 2956 pandam,

213 2988 288 3050 Huic
311 2988 459 3068 quondam
482 2990 557 3064 dixi,
581 2991 759 3070 periodum
779 2991 871 3052 multa
893 2990 1019 3061 locutus,

211 3098 257 3158 Me
280 3098 387 3160 callere
410 3107 519 3173 artem,
541 3109 596 3180 ptr
618 3119 706 3180 quarn
729 3101 864 3162 sublimis
885 3100 917 3160 in
939 3117 1026 3160 auras

213 3206 355 3270 Tollerer.
399 3208 455 3270 Hic
477 3211 582 3289 plenus
605 3211 784 3284 studiorum,
808 3218 838 3272 et
858 3209 968 3271 mentis
991 3208 1098 3280 inanis,

211 3317 378 3380 Monstrare
398 3319 475 3380 harro
494 3319 600 3400 jussit:
624 3321 693 3392 sed,
717 3321 794 3400 quod
819 3326 935 3380 trannre
958 3317 1054 3378 volatu

150 3437 195 3490 llo
210 3427 286 3488 Aera
308 3427 454 3490 Daedaleo
476 3429 554 3490 haud
578 3430 732 3501 dederam,
756 3429 838 3490 dedit
857 3429 923 3508 ipse
946 3427 1135 3488 cremandum

209 3535 255 3598 Me
278 3534 410 3611 cuidam,
434 3538 480 3600 cui
505 3557 591 3600 cerus
614 3547 691 3613 erat,
714 3537 790 3619 patri
811 3545 844 3599 ut
865 3555 918 3598 sua
940 3536 1051 3617 proles.

209 3645 316 3706 Verum
339 3665 386 3708 me
408 3648 465 3710 ista
488 3649 589 3710 decem
613 3651 649 3712 de
671 3649 768 3728 bulgis
789 3648 892 3710 ultima
914 3646 1034 3718 claudit,

211 3755 299 3827 Quod
322 3774 385 3825 me,
409 3759 459 3838 qui
481 3758 632 3838 Alchymia
654 3777 720 3820 sum
742 3778 829 3828 usus,
853 3758 922 3820 dum
943 3757 1002 3818 vita
1025 3755 1170 3825 manebat,

210 3863 321 3939 Minos,
345 3869 392 3928 cui
415 3887 563 3949 nunquam
587 3871 712 3948 decepto
734 3887 834 3930 errare
855 3867 967 3940 licebit,

96 3977 99 4022 Ι
148 3983 193 4038 llo
210 3974 269 4035 ista
294 3976 428 4038 multavit
448 3997 555 4058 poena.
577 4013 617 4024 ·-
640 3981 735 4058 Atque
757 3997 812 4057 ego
836 3977 904 4040 talia
926 3975 1001 4037 vati:

209 4083 346 4146 Vidistin'
368 4095 485 4165 gentem
508 4085 646 4168 captanti
659 4109 734 4151 vana
757 4087 882 4150 Senensi

208 4193 392 4274 Aequalem?
413 4197 489 4261 Huic
512 4207 591 4259 certe
614 4198 692 4260 haud
713 4199 838 4262 multum
860 4216 933 4276 gens
954 4196 1064 4260 Gallica
1088 4195 1175 4256 cedit.

249 4304 331 4366 Alter
351 4305 403 4367 ubi
426 4307 537 4368 audivit
558 4308 713 4370 scabiosus
735 4309 805 4370 talia
827 4310 953 4370 santam:

206 4412 332 4494 Excipe,
356 4407 527 4496 respondit,
546 4419 699 4480 Srnrccsu
721 4418 893 4480 rescindere
916 4418 1035 4478 doctum

145 4532 190 4585 lto
205 4523 377 4604 Impensas‚
401 4527 489 4588 simul
511 4535 601 4607 atque
623 4535 774 4590 auctorem
798 4528 898 4590 divitis
920 4527 1004 4588 illum

1188 4624 1205 4677 8
