3214 5400
88 441 93 718 ι
579 496 761 548 euticetem!
778 496 837 548 xlx

153 723 187 776 so
203 712 342 776 internus
364 731 482 794 pannos
503 713 689 795 monstrique
711 704 870 778 ostendere
891 723 1034 780 renuem.

203 824 298 904 Atque
320 822 371 886 hic
393 824 527 897 foetenti,
550 843 638 905 quem
660 823 773 888 circum
794 825 921 901 balabat,
943 825 1035 887 odore

202 933 243 996 bli
266 952 404 996 somnum
426 932 567 996 excussit
611 933 684 996 Gurn
704 933 817 996 lumina
839 935 1070 1009 circumferrem,

203 1044 249 1106 lln
270 1042 368 1106 bonus
388 1044 544 1106 Andaeus:
568 1042 620 1111 Tc,
643 1043 726 1118 diris,
748 1062 821 1106 roce
843 1019 946 1106 rocavi

204 1154 265 1215 Ter
285 1153 399 1225 saltem,
423 1170 511 1232 surge
533 1160 620 1234 atque
642 1151 727 1226 veni;
749 1152 927 1215 invenienda
948 1154 1034 1234 petiti

153 1265 186 1320 ³5
203 1264 258 1327 Est
277 1272 365 1344 porta
386 1263 551 1342 ingressus.
596 1262 680 1324 Tunc
701 1263 799 1324 nuens
821 1263 955 1326 membra
973 1263 1078 1328 levari.

202 1373 267 1436 Alta
288 1373 354 1435 dies
376 1379 501 1435 cunctos
523 1371 685 1452 compleret
705 1371 818 1435 lumine
841 1372 918 1434 sacri

203 1482 313 1545 llontis
335 1482 487 1556 circuitus,
510 1491 540 1544 ct
561 1491 625 1544 erat
646 1480 702 1544 sub
725 1481 788 1544 sole
810 1480 925 1546 recenti

201 1593 246 1655 Ad
267 1611 357 1654 renes
378 1591 435 1654 iter
455 1589 622 1654 amborum.
665 1591 752 1654 llrrnc
773 1610 829 1670 ego
850 1610 930 1673 pone
952 1599 1073 1654 secutus

202 1703 313 1765 Fronte
336 1701 520 1774 incedebam,
543 1700 640 1780 qualis
662 1701 714 1783 qui
734 1702 869 1780 pondere
890 1719 1027 1781 pressam

152 1823 187 1876 to
204 1812 347 1875 Curarem
368 1812 447 1872 hano
467 1817 573 1889 gestat,
596 1810 697 1889 pontis
719 1811 843 1874 falcatus
864 1811 896 1872 in
918 1829 1020 1873 arcum

202 1921 374 1994 Dimidium,
396 1920 470 1982 mihi
493 1937 559 1984 cum
580 1940 637 1983 vox
659 1919 810 1984 exaudita:
831 1920 951 1999 Venite,

204 2031 362 2094 Trausitus
384 2037 430 2092 est
451 2029 549 2105 isthic,
572 2063 615 2074 -
636 2031 677 2092 ita
700 2031 786 2094 dulce
809 2039 840 2092 et
861 2047 947 2092 come
967 2029 1075 2103 locuta,

205 2141 331 2215 Qualem
352 2140 408 2201 huc
429 2139 548 2202 mortali
570 2157 658 2202 nemo
681 2157 811 2218 unquam
834 2139 945 2202 audivit
965 2139 997 2201 in
1019 2157 1080 2202 ora

245 2249 394 2330 Expausis
417 2249 495 2328 cigni
517 2250 679 2312 candorem
700 2248 883 2312 imitantibus
901 2248 967 2322 elis,

154 2365 187 2418 te
203 2361 248 2423 ld
271 2379 305 2422 se
325 2377 382 2422 nos
403 2359 501 2433 vertit,
525 2359 575 2438 qui
598 2359 643 2420 sic
665 2366 711 2422 est
732 2378 785 2421 ore
806 2360 951 2439 prolatus,

205 2471 293 2532 Stans
316 2488 406 2548 supra
429 2487 578 2532 summum
599 2468 741 2540 ,defensae
763 2469 876 2549 pariete
897 2467 1048 2548 utrimque

204 2579 387 2642 Marmoreae
410 2579 518 2653 scalae,
541 2579 610 2640 dein
632 2579 748 2658 plumas
770 2578 870 2652 movit,
893 2587 922 2640 et
944 2597 1015 2642 aure

204 2689 318 2752 Ambos
340 2690 461 2764 afflavit,
487 2690 549 2762 Qus
568 2689 669 2768 luqent
690 2707 753 2750 esse
776 2689 886 2760 beatos,

205 2801 366 2874 Testatus3
388 2817 457 2860 nam
479 2797 596 2860 animos
614 2797 677 2877 jam
698 2798 835 2862 libertate
856 2799 989 2860 fruentes

155 2922 189 2977 5⁰
205 2910 300 2990 Copia
320 2908 437 2970 solandi
458 2908 505 2973 bis
528 2907 656 2970 dabitur.
680 2941 721 2954 -
742 2909 807 2970 Dux
827 2908 938 2971 talibus
960 2909 1040 2970 infit:

206 3020 286 3095 Quid
308 3017 372 3092 tibi,
394 3019 491 3080 adhuc
512 3018 634 3080 immota
655 3018 721 3080 solo
744 3019 795 3098 qui
816 3017 931 3080 lumina
950 3018 1028 3098 figis,

206 3131 281 3194 (lum
302 3128 406 3209 procul
429 3127 508 3191 haud
530 3128 626 3213 absit,¹
641 3127 693 3208 qui
714 3147 771 3190 nos
793 3145 885 3206 super
905 3127 1040 3188 imminet
1061 3124 1145 3190 ales?

247 3238 326 3301 Huic
346 3255 418 3316 ego:
442 3238 536 3300 Tanta
558 3238 690 3300 animum
712 3215 869 3316 suspendit
891 3253 961 3298 cura
982 3237 1101 3300 novello

205 3351 385 3413 Percussum
408 3355 536 3421 ostento,
558 3348 638 3428 quod
660 3366 707 3408 me
729 3345 880 3425 flectitque
902 3345 1052 3424 trahitque

156 3471 188 3526 55
205 3460 250 3521 Ad
273 3478 315 3532 se,
338 3466 452 3521 utnon
473 3475 599 3536 usquom
621 3457 701 3520 hune
722 3455 838 3537 possim
859 3455 1019 3518 deflectere
1041 3454 1077 3517 ab
1100 3455 1169 3519 isto.
1220 3469 1228 3488 ·

249 3568 332 3630 lllius
353 3568 493 3647 antiquae
515 3566 620 3628 lamiae
643 3585 681 3629 an
703 3564 758 3628 tibi
781 3539 907 3644 contigit
927 3584 979 3628 ore

206 3679 346 3751 Cernere,
369 3677 417 3750 ait,
441 3695 516 3756 quae
537 3677 602 3740 sola
623 3676 705 3738 dolet
721 3676 783 3756 jam
805 3694 862 3738 nos
884 3694 975 3757 super
995 3673 1147 3738 adstans?

204 3787 353 3861 Vidistin',
374 3794 409 3848 ut
427 3787 472 3848 rir
493 3805 561 3850 sese
583 3786 728 3848 dissolvat
748 3787 785 3848 ab
808 3784 888 3848 ista?

206 3898 251 3960 Sit
273 3897 357 3972 setis,
378 3896 570 3976 acceleraque
593 3897 701 3974 gradus
723 3903 753 3958 et
774 3897 893 3976 suspice
915 3896 1042 3976 signum,

155 4016 189 4070 6⁰
207 4008 295 4081 Quod
316 4025 369 4068 rex
391 4015 529 4068 aeternus
551 4025 658 4084 magno
682 4007 793 4068 circum
814 4005 975 4068 rotatorbe.

249 4116 354 4191 Qualis
377 4116 428 4197 qui
449 4116 528 4178 falco
548 4117 632 4196 prius
653 4115 821 4190 insistebat,
842 4117 978 4195 utrisque

205 4226 328 4290 innixus
349 4225 488 4306 pedibus,
513 4245 570 4307 que
593 4225 706 4288 clamor
726 4226 807 4288 venit
828 4226 865 4289 ad
887 4245 984 4298 aures,

205 4336 299 4399 Vertit
320 4355 353 4400 se
375 4343 524 4399 arrectum
546 4347 577 4399 et
596 4336 749 4416 protendit
770 4355 897 4416 corpore
920 4343 990 4410 toto,

206 4445 321 4508 Tantus
343 4465 426 4510 amcr
447 4447 532 4528 dapis
554 4454 609 4509 est
631 4446 722 4508 trahit
743 4446 832 4508 istum
855 4454 934 4510 tanta
956 4445 1080 4529 cupido:
1126 4467 1128 4472 ’

208 4561 211 4568 ·
1113 4548 1146 4600 lt
