3282 5404
642 439 1144 450 mm,

632 499 767 548 1111111151
785 497 871 546 xxvtt.

255 717 408 778 Latrinam
429 717 502 779 iecit
522 725 690 778 manantem
713 716 867 793 sanguine,
893 716 1015 778 odorem

257 827 379 889 'fetrum
401 827 594 900 exhalantem,
619 845 676 906 qua
698 826 775 888 inira
797 826 973 888 deterrimus
995 826 1105 886 isthinc

257 938 372 1017 Lapsus
394 936 536 1015 placatur.
560 968 600 980 -
624 934 727 1008 Quem,
752 935 876 997 adverso
900 935 972 1006 soie,
997 935 1127 996 colorem

206 1055 240 1108 tt
256 1047 398 1108 lndueret
419 1046 513 1108 nubes
536 1045 592 1106 sub
614 1045 710 1125 prima
731 1045 906 1124 crepuscula
930 1044 1027 1106 noctis

257 1157 309 1216 Vel
332 1155 417 1227 lucis,
440 1155 499 1216 vidi
521 1163 616 1217 totum
638 1172 837 1234 conspergere
860 1154 985 1216 coelum.

258 1269 299 1328 Ac
320 1266 409 1327 veluti
431 1283 535 1326 secura
558 1264 605 1325 sui
628 1272 685 1326 stat
707 1264 816 1342 femina
838 1265 974 1336 honesta,

256 1377 299 1437 Ac
320 1382 433 1436 tantum
455 1373 558 1436 timida
580 1381 625 1436 est
648 1374 761 1436 alienae
784 1373 822 1434 ob
846 1373 969 1436 crimina
992 1374 1106 1454 culpae,
1163 1413 1167 1430 .

258 1487 310 1548 Sic
330 1484 404 1547 mihi
426 1484 489 1545 visa
511 1483 567 1546 iuit
588 1484 699 1545 uultum
720 1491 835 1545 mutare
857 1483 998 1556 Butram,

208 1613 242 1664 so
258 1597 352 1674 Atque
376 1595 468 1656 tuisse
490 1613 559 1656 reor
581 1594 667 1656 talem
691 1592 861 1672 splendoris
883 1593 915 1652 in
937 1592 995 1655 alto
1113 1607 1114 1610 ’

258 1705 411 1768 Deiectum
434 1702 529 1775 coelo,
552 1719 618 1765 cum
640 1719 730 1782 passa
752 1711 799 1764 est
819 1722 932 1764 summa
955 1712 1097 1783 potestas

302 1814 375 1874 Exin
397 1831 492 1892 usque
514 1812 588 1874 adeo
610 1821 720 1874 mutata
741 1833 814 1873 voce
836 1813 949 1892 profari

259 1923 379 1996 institit,
403 1931 435 1984 ut
456 1938 607 2000 nunquam
630 1922 803 2003 adspectum
827 1923 1005 1984 converterit
1026 1923 1102 1984 uris:

262 2033 371 2096 Christi
394 2051 506 2114 sponsa
526 2051 593 2094 mco
608 2051 676 2093 uon
698 2040 744 2094 est
765 2032 873 2093 nutrita
897 2051 1013 2104 cruore,

211 2157 245 2211 ³5
262 2144 358 2223 Atque
380 2144 446 2204 laur
470 2149 499 2204 et
521 2142 624 2221 Cnnrr,
646 2143 763 2221 prolato
785 2154 819 2203 ut
837 2150 943 2204 veneat
964 2161 1053 2215 aur03

262 2254 298 2315 tt
318 2252 409 2313 vitam
430 2252 508 2312 hanc
529 2251 608 2331 pacti
630 2251 736 2313 laetam
760 2253 926 2330 errusque
948 2252 1089 2331 Prusque,

261 2363 299 2424 Et
320 2370 390 2442 post
411 2361 561 2422 Canrxruu
583 2362 644 2424 Una
664 2382 728 2435 uus,
752 2379 819 2423 cum
840 2361 952 2422 lumina
973 2362 1045 2422 fletu

262 2473 425 2534 Rorassent
445 2473 547 2544 multo,
570 2381 685 2534 sacrdm
708 2473 839 2534 effudere
862 2490 1008 2533 cruorem.

263 2583 329 2643 Non
352 2582 408 2643 init
430 2581 487 2642 iste
509 2581 625 2643 animus
648 2581 743 2655 nobiS,
756 2590 799 2650 ,ut
820 2582 921 2644 dextra
942 2582 1061 2642 sederet

213 2707 247 2760 40
263 2692 308 2753 Ad
328 2692 407 2754 latus
429 2691 557 2762 illorum,
581 2691 688 2771 quibus
711 2702 757 2754 est
779 2693 940 2754 succedere
961 2699 1093 2752 nostram

161 2853 171 2866 .
264 2803 298 2863 ln
321 2801 432 2873 sedem,
456 2801 547 2862 altera
570 2801 769 2863 christiadum
790 2777 868 2880 pars,
893 2801 983 2862 altera
1006 2801 1103 2863 laeva:

263 2913 331 2974 Non
353 2921 386 2972 ut
407 2927 568 2974 concessae
591 2911 687 2972 claves
709 2911 783 2972 mihi
803 2912 909 2973 bellica
930 2930 1035 2973 versae

264 3024 299 3084 ln
321 3023 405 3099 signa
427 3028 567 3098 urgerent
589 3029 703 3082 sacrato
727 3021 808 3082 tonte
830 3029 968 3093 renat0s3

265 3133 373 3194 Nostra
397 3149 452 3192 nec
475 3129 589 3207 effigies
610 3129 695 3190 tieret
716 3147 830 3206 gemma
853 3137 920 3207 apta
943 3128 1041 3204 sigilio

215 3249 249 3305 45
266 3242 310 3303 Ad
333 3241 432 3321 privas
454 3239 546 3318 leges,
570 3259 643 3318 quas
665 3239 757 3300 salsas
778 3239 907 3300 vendero
929 3257 995 3298 mos
1018 3246 1073 3310 est,

268 3353 349 3427 Quas
371 3357 495 3430 propter
515 3350 618 3422 rubeo,
641 3357 728 3427 atquc
751 3347 830 3408 oculi
852 3343 987 3410 exarsere
1009 3348 1190 3426 frequenter.

266 3469 343 3531 Hinc
366 3488 398 3529 se
420 3461 556 3528 mendaci
577 3467 729 3540 pastorum
751 3467 833 3520 veste
854 3465 988 3536 tegentes

266 3579 321 3642 Est
342 3585 477 3658 spectare
498 3573 587 3652 lupos
609 3587 663 3649 per
684 3587 794 3647 pascua
818 3577 923 3629 cuncta
943 3586 1077 3647 rapaces.

312 3689 336 3750 Ο
359 3687 451 3749 tutela
472 3685 535 3758 nei,
558 3680 695 3762 quianam
716 3679 775 3740 hoc
796 3677 827 3738 in
849 3688 984 3756 tempure
1006 3673 1131 3738 cessas?

219 3815 253 3869 50
268 3801 392 3878 Jamque
415 3794 559 3866 Genesim,
577 3792 638 3872 jam
661 3797 763 3851 nostro
785 3789 935 3850 Vascones
957 3807 1055 3849 acrem

269 3908 420 3988 Sanguine
443 3912 530 3968 arent
551 3903 660 3964 satiare
682 3899 772 3960 sitim.
818 3897 841 3959 0
865 3896 1030 3958 rudimenta
1054 3897 1194 3964 secunda,

269 4018 403 4082 Huncine
425 4011 585 4079 deciditis?
607 4011 667 4072 Sed
690 4028 765 4089 quae
788 4007 939 4086 Sapientia
960 4007 1072 4067 Romae

272 4128 421 4208 Scipiadis
443 4127 543 4188 dextra
565 4122 668 4184 mundi
690 4118 822 4182 defendit
842 4116 997 4188 honorem,

274 4236 529 4318 Quamprimum,
551 4240 583 4294 ut
605 4231 701 4302 video,
723 4228 814 4291 rebus
837 4234 991 4288 succurret
1012 4225 1138 4288 acerbis.

220 4357 256 4411 55
272 4350 310 4410 At
330 4355 371 4422 tu,
396 4346 445 4426 qui
468 4343 585 4426 pondus
607 4347 732 4420 propter
752 4337 875 4400 mortale
897 4337 1019 4409 redibis,

272 4458 339 4533 Fili,
362 4457 441 4531 ilinc,
463 4454 562 4536 pande
585 4471 628 4525 os,
652 4457 787 4530 quaeque
809 4447 888 4510 haud
910 4447 1032 4509 celanda
1053 4445 1156 4517 reteri,

600 4529 1390 4664 „med-d
