3282 5404
355 515 418 582 118
812 519 947 570 raaaoasr
965 519 1027 572 xro.

356 749 406 802 lta
423 705 561 803 Bararus
583 741 698 822 primae
719 737 859 818 dignatas
881 755 1036 819 poa-argare
1056 738 1114 802 arti

421 849 492 930 lpse
513 867 642 914 maram.
684 849 787 914 aaran
807 855 855 912 est
874 847 974 922 istlrie,
997 847 1181 929 Calaberqtaa
1201 850 1332 916 Joaearrr

422 958 559 1023 Alatere
582 959 711 1039 affulget,
734 975 819 1022 saera
842 957 894 1038 qui
914 956 1035 1022 tlaraiae
1056 957 1164 1038 pleaaa

421 1070 550 1132 Ventura
572 1067 711 1149 inspexit.
754 1067 842 1132 Tanti
863 1066 919 1130 viri
940 1077 975 1132 ut
995 1067 1130 1130 aemulas
1152 1087 1261 1143 assam,

421 1179 533 1241 Fratris
555 1197 602 1240 me
623 1179 737 1242 hortata
760 1185 809 1240 eat
828 1175 923 1242 oomia
945 1176 1079 1240 sollertia
1099 1177 1238 1252 Taaraae,

357 1299 406 1354 tat
422 1290 582 1369 Aequaque
603 1306 677 1362 roxa
698 1304 876 1367 meeomque
897 1286 958 1350 mei
980 1285 1109 1352 arrisere
1131 1288 1262 1354 sodales.

792 1505 794 1515 ’
910 1545 1001 1629 xro.
1048 1661 1052 1674 ι

465 1727 524 1802 Qui
544 1723 635 1790 modo
655 1724 720 1788 aisa
738 1723 811 1788 milri
834 1723 923 1806 mane
943 1725 1122 1802 dignorem
1142 1735 1235 1802 aurat,

421 1838 520 1900 lleato
542 1855 596 1900 saa
615 1836 709 1913 dagal
728 1834 783 1908 oia,
804 1842 838 1898 at
858 1853 948 1914 qaam
968 1835 1055 1914 lingit
1075 1836 1182 1914 imago,

421 1947 498 2010 Dum
520 1947 598 2019 dieo,
619 1954 688 2008 ante
710 1943 815 2011 oeulos
837 1943 952 2008 solidae
973 1952 1032 2010 atet
1051 1943 1137 2025 rapis
1158 1945 1195 2010 ad
1217 1945 1323 2022 instar,

423 2055 597 2150 Quindeaas
619 2053 730 2128 stellas,
752 2071 829 2134 qaae
850 2071 907 2134 por
927 2053 1045 2118 diversa
1065 2053 1221 2136 plagatam

388 2179 405 2235 o
421 2165 594 2230 Exhilarant
614 2163 732 2228 eaelum
751 2181 848 2244 usqae
870 2163 945 2228 adeo
967 2162 1130 2246 splendore
1150 2183 1268 2240 aereae,

422 2277 459 2340 tJt
480 2283 602 2356 superet
623 2274 708 2338 asset
729 2289 889 2353 compages
910 2273 989 2338 adria
1010 2292 1135 2351 ammosa

421 2387 461 2451 Et
480 2403 600 2449 earnm
621 2385 721 2462 lingat,
744 2383 793 2448 oui
815 2390 862 2448 sat
882 2382 967 2448 airas
988 2401 1058 2450 essa
1078 2383 1195 2450 videtur

421 2496 571 2560 Nostratis
592 2493 670 2558 caeli
692 2492 748 2558 aab
769 2492 869 2558 neoda
892 2499 1011 2573 tempus
1033 2511 1154 2576 opacae,

421 2607 460 2670 Et
480 2605 536 2668 suo
557 2623 645 2667 marae
666 2621 785 2678 novom,
806 2610 837 2666 al
856 2621 1010 2683 nunquam
1030 2611 1150 2668 temone
1171 2604 1272 2670 volate

375 2734 407 2786 ιο
422 2715 539 2779 Deficit.
583 2714 626 2778 ils
647 2714 741 2792 lingat
761 2731 864 2784 aerata,
887 2711 968 2793 quod
990 2713 1143 2793 proditio
1164 2715 1227 2781 axis

423 2824 563 2905 Cuspide,
585 2841 675 2904 quem
695 2822 810 2886 alaeam
829 2831 895 2888 rota
916 2822 1011 2903 prima
1034 2823 1183 2890 volamine
1203 2825 1307 2898 fertur,

421 2935 465 3000 lle
487 2952 521 2998 ae
544 2933 751 3012 composuisse
772 2931 831 2996 silai
852 2933 913 2996 duo
934 2933 1021 3012 signa
1042 2931 1099 2996 suo
1120 2951 1191 3000 moe

420 3045 577 3118 Aetherea,
599 3061 659 3123 quo
680 3061 765 3108 more
786 3041 847 3106 sibi
867 3042 985 3117 lliaois,
1006 3042 1059 3106 alai
1080 3051 1162 3108 artas

421 3157 489 3236 Ipsa
512 3173 585 3218 auos
605 3153 702 3218 serait
722 3151 839 3216 mortali
860 3153 972 3232 frigore
993 3152 1090 3228 solvi,

371 3275 404 3330 15
420 3265 555 3328 Alterum
576 3271 606 3328 el
627 3264 659 3328 ia
677 3262 766 3345 jubar
787 3261 911 3327 alteritas
932 3261 1048 3326 radiare
1068 3262 1212 3339 damaim,

420 3375 458 3437 Et
479 3373 664 3438 eiromnlarri
686 3371 851 3446 ambasia
872 3379 905 3436 at
924 3371 1060 3438 maderet
1080 3391 1174 3438 unam

419 3484 506 3559 Ante,
528 3501 679 3564 unamque
698 3489 798 3558 tetrae
819 3489 908 3562 atque
929 3482 995 3546 iera
1015 3481 1075 3548 sibi
1095 3482 1205 3548 sideris
1225 3484 1362 3550 ambram

419 3592 489 3656 Veri
510 3601 610 3658 mente
631 3611 686 3656 sua
707 3600 807 3656 teneat
828 3591 1015 3672 duplicisque
1037 3592 1165 3656 choreae

421 3703 547 3774 Cia-eam,
569 3702 622 3765 ubi
645 3703 846 3776 constiteram,
867 3709 1010 3781 puaataoa
1032 3721 1067 3766 ee
1088 3712 1196 3786 sponte
1217 3703 1355 3770 rotantis.

369 3828 404 3882 aa
419 3812 554 3894 Namque
575 3813 635 3876 hoe
655 3819 703 3876 est
724 3820 829 3876 aoatro
850 3819 932 3876 laoto
954 3812 1145 3892 superantior
1167 3833 1234 3888 aaa,

421 3922 540 3996 Quanto
562 3922 723 4003 praevertil
743 3921 881 3986 Clanium
902 3922 954 4002 qai
974 3923 1098 3986 vertitur
1120 3923 1183 3986 axis

419 4032 531 4094 Axibus
552 4032 707 4096 aethereis·
720 4031 861 4096 velocior.
904 4031 990 4096 Haud
1012 4031 1055 4096 ibi
1075 4032 1185 4096 llaoohi

420 4141 555 4206 'l'hehaai
576 4160 695 4218 nemea,
718 4159 775 4206 aaa
795 4142 837 4206 ilai
858 4143 976 4206 Paaaaa
997 4141 1160 4218 asneheun

420 4252 481 4314 Sed
502 4259 565 4316 tres
585 4270 732 4334 peraoaae
753 4260 860 4316 natare
881 4251 1030 4332 simplice,
1049 4259 1082 4316 et
1100 4271 1160 4316 aaa

369 4365 403 4421 at
419 4359 562 4436 llirinas3
583 4381 622 4426 ax
640 4362 690 4424 laia
710 4379 810 4436 mam,
833 4379 911 4442 qaae
932 4361 1124 4442 hominisque
1144 4360 1258 4442 Deipra

418 4468 560 4532 Naturam
576 4473 686 4552 iungit.
729 4473 824 4536 Certo·
839 4471 910 4536 daia
930 4481 1067 4553 tempore
1089 4479 1194 4536 aeratam
