3214 5400
588 519 769 572 PURGATONN
786 522 830 572 tt.

207 737 251 798 rid
274 744 389 817 partem
410 738 578 818 oppositam
600 737 743 810 saliendo,
765 738 899 819 pervolat
920 739 988 820 ipso

207 846 331 930 Impete,
355 865 414 927 quc
437 847 565 927 primum
587 847 791 920 descenderat,
815 857 903 928 atque
925 851 1039 912 recedit

208 956 230 1017 Α
254 956 317 1018 saxi
338 957 425 1037 lapsu
445 957 537 1020 mutto
560 957 702 1030 velocius,
729 976 865 1038 aequum,

160 1073 191 1125 20
208 1066 241 1127 Si
262 1084 413 1139 numeres,
436 1067 572 1147 spatium,
595 1066 675 1145 quod
698 1074 728 1131 et
749 1068 931 1148 experientia
954 1077 984 1130 et
1006 1070 1078 1130 artis

207 1176 348 1260 Doctrina
372 1176 517 1250 ostendit3
539 1176 584 1238 sic
605 1193 677 1255 pree
698 1193 746 1238 mc
768 1175 835 1239 luce
856 1176 980 1240 videbar

206 1286 289 1349 lctus
309 1286 446 1348 retracta.
492 1285 591 1358 Quare
612 1303 679 1348 mee
700 1285 812 1348 lumina
834 1294 991 1366 promptae

208 1397 392 1460 Consuluere
413 1397 510 1472 fugae.
556 1395 634 1468 Quid
656 1396 686 1456 id
710 1403 764 1468 est,
786 1404 872 1476 pater
894 1397 1013 1476 optime,
1037 1397 1105 1469 dixi,

209 1505 296 1580 Quod
318 1505 478 1585 prohibere
500 1504 596 1568 oculis
618 1523 679 1566 non
701 1523 749 1568 me
772 1505 843 1568 sinit
864 1504 924 1567 ulia
945 1504 1070 1568 facultas

160 1616 190 1670 25
207 1615 365 1688 Nitentem,
389 1622 418 1677 et
440 1621 542 1676 contra
563 1633 621 1676 nos
642 1615 784 1676 festinare
805 1615 922 1677 videtur

209 1726 345 1788 Occursu
366 1743 461 1804 usque
483 1722 602 1801 magis?
622 1757 664 1770 -
685 1724 751 1786 Nou
775 1731 804 1786 te
827 1732 932 1805 stupor
954 1732 1089 1805 occupet,
1112 1725 1217 1804 inquit,

209 1835 241 1897 Si
264 1834 317 1896 tibi
339 1834 456 1912 stringit
477 1833 574 1896 adhuc
597 1834 692 1896 aciem
714 1852 787 1912 gens
809 1835 929 1897 aethere
950 1835 1058 1899 missa:
1203 1821 1207 1834 '

207 1943 340 2021 Angelus
362 1951 416 2016 est,
438 1943 589 2006 hominem
613 1944 664 2023 qui
685 1943 820 2010 hortatur
841 1944 985 2009 scandere
1010 1946 1041 2006 in
1063 1945 1163 2014 situm.

208 2055 270 2116 Nec
291 2053 379 2130 longe
399 2052 462 2132 jam
483 2061 602 2132 tempus
623 2051 717 2126 abest,
741 2073 809 2115 cum
830 2053 905 2116 haec
926 2071 1049 2116 eernere
1071 2062 1196 2134 propter

161 2164 275 2225 toNon
297 2181 384 2242 grave
407 2162 472 2234 erit,
495 2161 550 2223 sed
572 2162 660 2226 dulce
680 2163 743 2236 tibi,
767 2163 864 2242 quoad
887 2162 1011 2225 tendere
1033 2181 1155 2228 sensum

209 2273 336 2335 Naturae
359 2271 496 2334 dederint
515 2271 605 2334 vires.
626 2305 669 2318 —-
691 2274 727 2336 Ut
749 2274 883 2336 venimus
905 2273 982 2336 aimo

209 2384 328 2462 Aligero
352 2400 460 2454 coram,
484 2381 528 2445 sie
549 2381 624 2444 laeta
647 2383 673 2443 is
696 2399 768 2445 voce
789 2383 939 2463 protatur:

209 2494 271 2556 Hac
292 2493 400 2554 intrate
422 2491 541 2570 gradus,
563 2510 619 2572 per
641 2511 717 2572 quos
738 2493 837 2556 minus
859 2492 951 2555 ardua
973 2493 1062 2556 ducet

209 2604 270 2664 Vos
292 2603 348 2665 via.
372 2633 410 2644 -
434 2601 567 2680 Digressi
588 2600 657 2662 inde
678 2603 877 2675 ascendimus,
890 2609 1001 2682 atque:
1025 2602 1112 2666 Beati

161 2718 193 2772 35
210 2713 264 2776 Illi
286 2713 374 2774 corde
397 2713 481 2783 dono,
505 2716 557 2792 qni
576 2723 650 2774 sont
669 2716 861 2776 miserescere
882 2717 969 2784 eneti}

209 2822 347 2886 Insonuit
368 2829 458 2894 retro,
481 2828 519 2894 et,
541 2822 635 2900 ponde
657 2826 710 2902 qni
729 2827 835 2884 ve'ncis.
879 2823 1002 2902 Utrique

210 2932 274 2996 Soli
295 2951 355 2994 una
377 2930 473 2993 scales
495 2931 667 2992 ascendere.
710 2933 748 2994 At
769 2933 840 2994 utile
863 2933 941 3004 duxi,

209 3042 293 3105 Illius
316 3061 352 3103 ex
372 3038 472 3102 verbis
495 3040 521 3102 si
543 3040 704 3120 quidquam
726 3043 842 3104 discere
864 3059 995 3120 possem,

210 3151 286 3214 Dum
307 3167 425 3214 mecum
446 3151 490 3212 ire
512 3150 587 3213 viam
609 3150 738 3231 pedibus
760 3149 911 3230 pergebat.
936 3158 965 3212 et
986 3151 1085 3230 ipsum

161 3270 194 3322 to
210 3261 377 3340 Aggressus
399 3260 521 3338 rogito>
536 3260 685 3333 Quidnam
706 3261 803 3322 innuit
823 3259 994 3322 Aemilianis

212 3372 283 3434 Orta
304 3370 400 3432 anima
423 3370 573 3442 interris,
596 3377 765 3432 consortem
786 3376 817 3432 et
834 3365 902 3450 jura
923 3369 1041 3431 vetandi
1068 3413 1071 3420 .

212 3478 476 3543 Commemorans?
519 3480 603 3543 Tunc
624 3480 674 3542 ilie
695 3480 785 3542 mihi:
809 3480 894 3553 Quae
916 3486 1083 3559 quantaque
1105 3478 1211 3542 damna

211 3592 246 3654 ln
269 3610 302 3652 se
325 3590 476 3668 congessit
497 3590 581 3652 labes
603 3608 656 3652 sua
678 3589 812 3663 maxima,
834 3589 925 3651 norit.

213 3701 312 3774 Quare
334 3719 373 3761 ne
395 3707 512 3780 stupeat
534 3699 701 3780 quisquam,
725 3699 752 3760 si
772 3717 846 3762 voce
867 3698 1021 3779 reprendit

160 3823 193 3878 ct
210 3809 274 3872 Hoc
296 3808 399 3872 vitium
420 3810 451 3874 in
472 3817 596 3883 vestros,
620 3809 701 3872 luctu
722 3818 755 3873 ut
775 3809 888 3890 majore
909 3809 1053 3871 leventur.

212 3920 299 3993 Quod
321 3939 407 3982 mens
429 3927 527 3982 vestra
547 3919 648 3982 aciem
663 3919 803 3999 viresque
825 3918 951 3983 intendit
971 3917 1002 3978 in
1024 3916 1082 3982 illa.

212 4029 347 4102 Quorum
368 4047 438 4109 pars
460 4029 563 4102 minui,
586 4031 669 4092 socio
692 4029 861 4102 accedente,
883 4027 1007 4100 videtur,

210 4139 374 4219 Propterea
396 4139 474 4216 cogit
496 4138 624 4219 suspiria
646 4139 756 4201 ducere
777 4139 853 4202 livor

212 4247 295 4310 Folle
318 4266 383 4310 suo.
427 4249 465 4310 tt
486 4248 563 4312 coeli
586 4249 743 4329 sphaeram
766 4249 911 4310 sinestra
934 4246 1043 4326 cupido

161 4367 195 4421 dt
212 4357 371 4438 Suspiciat.
394 4357 484 4421 timor
503 4358 555 4420 hio
576 4378 593 4420 a
612 4365 712 4420 restro
734 4365 856 4439 pectore
878 4356 1007 4420 abesset.

162 4485 165 4490 ·
210 4467 346 4549 Namque
366 4467 428 4530 illic
449 4476 561 4549 quanto
582 4467 650 4549 pius
673 4469 720 4530 ias
741 4475 787 4532 est
808 4467 908 4529 dicere
930 4473 1073 4540 nostrum,

1133 4569 1165 4622 ts
