3282 5404
96 447 100 723 1
608 491 741 544 l'llillllSl
761 495 827 544 llel.

220 713 356 776 blilitram
377 713 426 774 hic
449 712 567 774 dabitur
587 711 721 774 Paradisr
744 731 866 775 eernere
889 721 1052 793 utramque,

170 830 205 884 to
220 825 373 903 Unamque
395 841 448 884 ore
469 821 530 896 illo,
555 821 633 900 quod
656 828 687 884 tu
707 822 842 884 veniente
866 821 979 884 ridebis

222 934 370 1012 Tempore
388 929 495 1013 judieii
516 931 648 994 extremi.
671 961 710 976 -
733 930 793 992 Ceu
816 931 894 994 nube
915 942 1038 1011 repente

221 1043 335 1105 Elisum
356 1040 462 1120 fulgur,
486 1059 544 1120 quo
565 1040 646 1102 visus
669 1048 731 1102 tota
751 1040 875 1102 facultas

156 1219 160 1227 ι
219 1151 366 1232 Dejioitur
386 1151 440 1224 sic,
462 1158 495 1211 ut
516 1151 669 1212 fraudetur
689 1149 817 1228 imagine
838 1169 939 1212 rerum

223 1262 344 1324 Fortius
366 1219 533 1322 irritaninm
554 1259 676 1334 oculos3
698 1258 748 1322 lux
768 1260 864 1322 vivida
885 1260 953 1322 talis

174 1376 208 1430 ts
224 1373 272 1433 lle
294 1369 490 1432 circumfulsit
509 1369 563 1448 ¹tali
585 1378 616 1432 et
636 1368 783 1430 velamine
804 1369 892 1448 liquit

224 1479 362 1559 Fulgoris
384 1480 522 1553 cinctum,
546 1487 578 1540 ut
598 1477 672 1540 nibil
693 1479 896 1541 internoscere
919 1479 1043 1559 quirem.

226 1590 351 1670 Semper
371 1591 463 1651 Amor
483 1589 600 1650 coelum
620 1588 679 1650 boc
701 1607 894 1668 componens,
917 1589 1028 1668 colligit
1048 1592 1128 1654 intua

227 1699 291 1761 Vim
312 1698 411 1772 talem,
434 1707 466 1759 ut
487 1696 609 1778 proprio
631 1697 785 1760 candelam
806 1699 1009 1760 accommodet
1030 1700 1101 1778 igni.

269 1809 322 1870 Vix
342 1807 442 1870 brevis
458 1807 514 1870 'bio
536 1825 644 1881 sermo,
668 1826 755 1887 quern
776 1807 888 1887 accepi,
910 1809 992 1870 venit
1013 1810 1049 1870 ad
1072 1830 1168 1884 aures,

179 1931 213 1984 ιιι
228 1919 302 1981 Cum
323 1917 405 1980 sensi
427 1919 503 1980 fines
525 1917 601 1980 ultra
621 1916 727 1978 virtute
747 1915 869 1995 potitus,

158 2097 163 2106 ¹
228 2029 528 2107 Incensusquenora
548 2027 593 2090 sic
614 2026 651 2102 ri,
674 2033 707 2088 ut
727 2026 776 2086 lux
797 2026 876 2089 nulla
897 2026 1006 2089 niteret

231 2139 306 2200 Tam
325 2153 418 2210 mua,
441 2153 529 2216 quam
550 2155 616 2198 mea
638 2154 699 2197 non
721 2135 881 2197 defendere
902 2137 1013 2217 pupula
1034 2151 1147 2219 posset.

137 2301 143 2308 .
229 2248 268 2309 Ει
289 2247 389 2308 lumen
411 2247 499 2308 llurio
521 2246 581 2308 vidi
604 2245 710 2319 simile,
733 2245 972 2326 interutrasque

230 2357 384 2436 Effulgens
407 2355 566 2435 splendore
589 2371 668 2426 oras,
692 2373 765 2436 quas
786 2354 918 2434 undique
940 2357 1048 2419 mirum
1087 2383 1089 2388 ’

182 2479 215 2534 ιι
232 2467 290 2528 Ver
310 2465 499 2546 depingebat.
542 2464 695 2528 Scintillae
717 2483 753 2525 ex
773 2464 895 2526 llumine
917 2465 969 2526 tali

232 2577 321 2638 Vivae
343 2574 546 2655 erumpebant,
568 2576 675 2636 florum
698 2583 728 2636 et
748 2591 844 2650 genus
865 2593 953 2638 omne
973 2554 1123 2652 cohibent,

233 2687 271 2748 Ut
292 2684 537 2764 circumscriptus
556 2683 650 2746 nitido
672 2683 871 2746 carbunculus
892 2703 974 2747 auro.

234 2796 318 2870 Exin,
341 2793 498 2874 multiplici
521 2802 553 2856 ut
573 2794 751 2858 temulentae
774 2793 861 2873 copia
884 2795 1018 2869 odorum,

236 2905 309 2968 Sese
331 2905 437 2967 iterum
459 2903 536 2966 miro
557 2904 877 2986 mergebantgurgite
901 2893 938 2978 et,
961 2925 1019 2967 una

185 3021 219 3074 oo
234 3009 382 3094 Ingressa,
406 2997 504 3076 exibat
525 3033 597 3076 mox
614 3013 718 3076 altera.
741 3045 780 3056 -
804 3015 925 3075 Summa
948 3015 1066 3094 cupido,

237 3125 320 3198 Quae
342 3142 433 3186 nosse
453 3123 529 3184 boec
549 3122 605 3184 tibi
625 3121 689 3185 visa
709 3121 801 3184 modo
822 3121 907 3183 ardet
926 3131 1032 3202 pectus
1054 3133 1084 3184 et
1107 3136 1199 3204 urget,

238 3235 303 3308 (luo
325 3234 393 3313 plus
415 3233 566 3310 turgescit,
589 3231 649 3294 nisi
672 3251 708 3294 eo
730 3231 798 3311 plus
821 3240 902 3310 grata
921 3232 1080 3312 probatur:

236 3345 274 3406 At
294 3344 377 3423 prius
399 3342 474 3404 baec
494 3341 622 3422 potanda
645 3341 699 3403 tibi
720 3340 800 3402 unda
820 3349 876 3416 est,
900 3360 987 3421 quam
1007 3343 1074 3404 sitis
1095 3355 1208 3408 aestum

236 3454 395 3515 Exsatures
416 3460 524 3515 tantae.
568 3450 619 3516 Sic
640 3450 697 3525 sol,
719 3469 770 3532 qur
792 3451 891 3513 nubila
915 3452 1025 3514 ademit

188 3564 447 3632 denunciamus
469 3560 573 3631 oculis.
596 3562 637 3624 ait
657 3569 746 3642 atque
768 3559 843 3622 baec
863 3561 987 3641 insuper
1008 3563 1104 3626 addit:

236 3673 361 3736 Flumen
384 3680 413 3734 et
434 3672 501 3742 hae,
513 3689 655 3751 gemmae,
677 3657 831 3750 ingressus
853 3689 973 3751 semper
992 3683 1171 3751 repetentes.

238 3783 329 3846 llisus
345 3791 382 3844 'et
402 3781 562 3856 herbarum
582 3780 645 3842 veri
666 3779 820 3860 praeludia
841 3789 871 3842 et
891 3780 1013 3843 umbrae
1073 3789 1076 3794 “

240 3893 316 3954 Sunt
336 3891 425 3973 hujus
447 3891 551 3970 gaudl3
573 3909 634 3952 non
656 3889 737 3972 quod
759 3890 820 3952 siut
840 3891 909 3952 talia
933 3893 1038 3954 acerba

238 4003 297 4064 Per
318 4021 360 4076 se,
382 4021 484 4064 rerum
506 4001 585 4064 oculi
606 4009 686 4064 arcta
708 3999 751 4064 tui
772 4007 820 4062 est
841 3999 987 4080 culpanda
1009 4003 1143 4066 facultas.

192 4121 225 4172 ιιι
240 4112 345 4174 Nullus
366 4120 425 4174 tam
447 4129 577 4191 propero
599 4110 681 4174 vultu
701 4110 733 4172 in
755 4109 802 4172 lac
822 4111 908 4172 irruit
927 4110 1035 4184 inians,

241 4222 403 4284 Cunctatus
424 4229 676 4302 praetermorem
698 4239 732 4282 se
754 4219 869 4282 solvere
887 4239 1001 4292 somno,

243 4331 345 4404 Qualis
367 4349 433 4411 ego,
455 4329 581 4412 cupidus
603 4329 734 4410 speculis
755 4329 929 4392 melioribus
952 4332 1002 4404 uti,

243 4441 377 4504 Cernuus
398 4441 563 4522 inspiciens
584 4441 704 4515 undam,
727 4459 802 4520 quae
824 4440 951 4522 plurima
974 4440 1085 4504 circum
1128 4507 1130 4516 .

1162 4548 1195 4598 25
