3214 5400
310 458 332 574 l
371 512 429 576 158
814 463 1529 608 runcum

327 607 530 616 ————-.-
545 611 700 618 ...—„.-.-—
715 611 830 617 ——--
865 609 1136 619 ——-—------—-.-
1157 613 1165 618 .
1185 611 1527 630 *Ἣ

383 745 416 798 45
433 736 603 816 Perspicias
626 735 723 798 ctiam.
766 735 838 797 Mihi
861 735 1044 815 designanda
1066 737 1197 802 Brarmx

433 845 528 907 Verba
550 821 605 925 per
626 846 680 907 ista
705 845 772 917 luit,
797 844 948 925 tibi'quae
971 847 1126 909 manifesta
1147 848 1305 912 videndam

432 955 470 1016 Se
493 955 574 1017 dabit
596 955 681 1016 istius
703 955 859 1017 sublimem
882 955 911 1015 in
933 955 1042 1018 vertice
1064 957 1182 1031 montis,

431 1066 491 1126 Pax
511 1064 562 1126 ubi
584 1071 729 1144 perpetuo
752 1063 890 1127 diffundit
912 1067 1016 1143 gaudia
1038 1068 1112 1128 visu.

432 1175 500 1237 Cui:
526 1174 606 1235 Bnue
629 1175 700 1244 drrx,
725 1175 798 1246 dixi,
822 1174 898 1238 banc
919 1191 1025 1250 gressu
1046 1187 1224 1256 properante
1246 1186 1398 1258 petamus,

381 1289 414 1342 5⁰
431 1285 477 1346 ble
499 1302 626 1363 namque
649 1284 724 1346 haud
749 1284 833 1345 labor
854 1285 910 1345 iste
933 1293 1047 1360 gravat,
1069 1287 1150 1348 velut
1172 1297 1238 1350 ante
1261 1288 1383 1362 solebat,

429 1395 553 1473 Jamque
575 1394 657 1464 vide,
680 1401 713 1454 ut
735 1393 830 1474 major
851 1393 888 1455 de
912 1393 986 1454 clivo
1010 1395 1125 1459 decidat
1146 1397 1259 1458 umbra.

472 1505 532 1565 lsto
554 1503 780 1582 progrediemur
801 1503 858 1565 iter
879 1520 946 1564 cum
968 1503 1094 1578 lumine,
1117 1505 1213 1568 donec
1294 1525 1297 1532 ⁴

429 1614 481 1674 Sol
504 1613 586 1674 dabit
608 1613 665 1684 ire,
688 1612 792 1691 inquit.
837 1613 943 1674 Verum
967 1613 995 1674 id
1019 1633 1107 1676 secus
1129 1635 1197 1677 esse
1217 1618 1344 1696 putabis,

428 1724 469 1784 bc
491 1731 523 1785 tu
545 1741 610 1783 rere
632 1722 731 1783 modo.
774 1722 847 1783 Nam
869 1723 986 1802 tuipse
1009 1723 1121 1797 redire,
1144 1725 1317 1805 priusquam

378 1839 411 1894 55
429 1832 502 1893 llluc
525 1833 694 1912 pervenias,
719 1832 825 1894 iterum
847 1832 1005 1896 miraberis
1027 1833 1118 1906 illum,

429 1942 486 2015 Qui
509 1941 553 2002 sic
575 1941 712 2022 opposita
735 1941 844 2003 montis
868 1961 936 2003 sese
958 1941 1070 2004 abdidit
1091 1943 1203 2017 umbra,

428 2051 526 2131 lpsius
548 2059 581 2112 ut
602 2051 702 2113 radios
725 2069 784 2112 uon
808 2051 846 2112 sit
867 2051 920 2112 tibi
943 2071 1091 2132 rumpere.
1135 2055 1171 2115 tt
1190 2072 1272 2128 ecce,

428 2160 522 2222 Cerne
544 2160 604 2221 illic
626 2161 753 2222 animam
776 2163 914 2238 figentem
937 2161 1047 2223 lumina
1068 2163 1151 2224 visus

427 2269 555 2331 Omnino
578 2271 688 2344 solam,
712 2291 787 2351 quae
809 2278 943 2332 nostrum
965 2279 1122 2352 utrumque
1145 2281 1256 2348 tuetur;

376 2391 409 2442 uc
426 2380 505 2441 llaec
528 2399 597 2455 nos,
622 2399 697 2459 quae
718 2381 824 2442 melior
846 2381 932 2443 ducat
953 2382 1014 2454 via,
1038 2383 1113 2444 lorte
1136 2385 1264 2446 docebit.

469 2487 626 2551 Venimus:
650 2489 674 2550 0
699 2491 811 2564 anima,
835 2491 936 2552 italico
959 2503 1021 2553 satu
1044 2493 1188 2568 sauguine
1210 2495 1282 2557 citra

424 2599 598 2672 Eridanum,
624 2599 714 2660 corde
738 2601 880 2671 humano,
904 2621 992 2680 quem
1014 2610 1042 2662 te
1065 2621 1116 2663 ore
1139 2603 1256 2665 ferebas

425 2709 540 2770 Celsum
563 2728 596 2770 nc
619 2710 771 2790 majestate
794 2709 927 2788 gravem!
952 2711 976 2772 0
999 2721 1031 2773 ut
1052 2712 1177 2775 honesta
1199 2715 1327 2775 moventi

425 2818 522 2880 'l'arde
544 2819 647 2880 oculos
670 2821 749 2880 acies
772 2819 842 2882 ibat.
886 2821 965 2882 Nihil
988 2821 1036 2883 illa
1058 2823 1180 2901 profari,

373 2941 405 2992 65
424 2928 482 2989 Sed
506 2929 604 2989 sinere
627 2931 670 2990 ire
691 2929 766 2990 viam
789 2931 957 3003 venientes,
979 2949 1062 2993 more
1085 2933 1180 2994 leonis

423 3039 587 3118 Compositi
609 3039 712 3118 requie
734 3058 790 3100 uos
813 3041 1023 3120 contemplata,
1046 3059 1102 3102 nec
1123 3043 1182 3105 ulla

422 3147 481 3209 Vox
505 3149 569 3209 luit.
593 3183 629 3194 -
653 3149 730 3210 lluic
752 3157 848 3212 tamen
872 3151 1011 3225 accessit,
1035 3152 1198 3232 paucisque
1221 3153 1333 3230 rogavit

422 3259 577 3336 Virgilius,
599 3269 777 3320 monstraret
798 3261 867 3332 iter,
892 3260 970 3339 quod
994 3263 1110 3322 scandit
1131 3263 1160 3322 in
1183 3262 1272 3323 altum

421 3369 542 3430 Leuius.
586 3370 637 3430 llla
659 3370 747 3442 nihil,
771 3371 823 3430 sed
848 3389 923 3450 quae
947 3371 984 3432 sit
1005 3372 1101 3450 patria
1123 3371 1219 3444 nobis,

372 3496 404 3546 70
423 3479 505 3550 Quae
527 3479 599 3550 vita,
622 3480 757 3558 exquirit.
802 3481 902 3541 Dulcis
924 3481 997 3540 dux:
1021 3482 1152 3552 Mantua,
1176 3477 1290 3561 coepit:
1313 3515 1355 3526 -
1407 3491 1411 3502 ’

420 3588 588 3667 Umbraque
610 3590 674 3649 sola
696 3589 763 3649 loco
786 3591 816 3650 iu
839 3589 921 3663 solo,
945 3609 1001 3669 que
1025 3592 1096 3652 sede
1120 3591 1250 3661 sedebat,

421 3698 513 3759 Obvia
535 3699 675 3770 surrexit,
700 3699 756 3758 vati
779 3700 822 3759 sio
844 3719 895 3760 ore
917 3700 1032 3762 locuta:

419 3808 495 3868 Urbs
517 3817 580 3881 tua,
603 3809 763 3881 Minciade‚
788 3819 834 3869 est
855 3809 967 3888 pariter
988 3809 1061 3870 mibi
1081 3814 1188 3898 patria.¹
1229 3811 1320 3872 Dicor

420 3917 608 3989 Souucccus,
632 3919 709 3979 collo
733 3926 762 3980 et
784 3919 956 3998 complexus
979 3925 1103 3998 uterque
1123 3895 1278 4000 ¹pependit.

369 4048 401 4100 75
462 4027 485 4086 0
510 4047 593 4088 serva
616 4029 713 4100 ltalia,
737 4030 856 4107 angoris
878 4031 1018 4103 lustrum,
1042 4030 1112 4091 orba
1137 4031 1275 4107 magistro

418 4135 525 4208 Pinus,
549 4137 658 4216 ubique
681 4139 776 4216 gravis
800 4140 942 4200 stridente
964 4141 1065 4201 lurore
1086 4141 1246 4219 procellae,

417 4246 482 4306 Non
501 4246 563 4326 jam
586 4254 731 4309 terrarum
754 4249 888 4321 domina,
912 4255 958 4310 est
979 4268 1125 4330 praesepe
1147 4249 1303 4329 luparum!

417 4355 532 4416 Nobilis
554 4357 624 4418 huic
647 4359 762 4418 animus
785 4366 843 4418 tam
867 4377 935 4418 mox
958 4378 1114 4440 assurgere
1137 4362 1240 4432 suasit,

417 4465 523 4525 Audito
547 4466 625 4527 dulci
639 4467 760 4546 'patriae
782 4468 871 4528 modo
895 4471 1015 4530 nominc
1037 4479 1142 4541 terrae,
