<?xml version="1.0" encoding="UTF-8"?>
<!DOCTYPE html PUBLIC "-//W3C//DTD XHTML 1.0 Transitional//EN"
    "http://www.w3.org/TR/xhtml1/DTD/xhtml1-transitional.dtd">
<html xmlns="http://www.w3.org/1999/xhtml" xml:lang="en" lang="en">
 <head>
  <title>
</title>
<meta http-equiv="Content-Type" content="text/html;charset=utf-8" />
  <meta name='ocr-system' content='tesseract 3.04.00' />
  <meta name='ocr-capabilities' content='ocr_page ocr_carea ocr_par ocr_line ocrx_word'/>
</head>
<body>
  <div class='ocr_page' id='page_1' title='image "./divinacomoedia01piazgoog_0283.png"; bbox 0 0 3234 5396; ppageno 0'>
   <div class='ocr_carea' id='block_1_1' title="bbox 353 744 1397 4553">
    <p class='ocr_par' dir='ltr' id='par_1_1' title="bbox 353 744 1397 4553">
     <span class='ocr_line' id='line_1_1' title="bbox 408 744 1233 826; baseline 0.002 -18"><span class='ocrx_word' id='word_1_1' title='bbox 408 746 512 820; x_wconf 83' lang='lat' dir='ltr'><strong>Dete,</strong></span> <span class='ocrx_word' id='word_1_2' title='bbox 535 744 663 808; x_wconf 83' lang='lat' dir='ltr'><strong>dicebat.</strong></span> <span class='ocrx_word' id='word_1_3' title='bbox 705 745 757 819; x_wconf 80' lang='lat' dir='ltr'><strong>lla,</strong></span> <span class='ocrx_word' id='word_1_4' title='bbox 781 763 903 825; x_wconf 80' lang='lat' dir='ltr'>quaeso,</span> <span class='ocrx_word' id='word_1_5' title='bbox 926 746 1051 820; x_wconf 77' lang='lat' dir='ltr'><strong>discere,</strong></span> <span class='ocrx_word' id='word_1_6' title='bbox 1075 745 1233 826; x_wconf 76' lang='lat' dir='ltr'><strong>praesint</strong></span> 
     </span>
     <span class='ocr_line' id='line_1_2' title="bbox 408 855 1316 935; baseline 0 -17"><span class='ocrx_word' id='word_1_7' title='bbox 408 857 478 918; x_wconf 90' lang='grc'>11100</span> <span class='ocrx_word' id='word_1_8' title='bbox 501 857 615 918; x_wconf 86' lang='lat' dir='ltr'><strong>animae</strong></span> <span class='ocrx_word' id='word_1_9' title='bbox 638 856 781 934; x_wconf 85' lang='lat' dir='ltr'><strong>geminae,</strong></span> <span class='ocrx_word' id='word_1_10' title='bbox 807 855 990 935; x_wconf 85' lang='lat' dir='ltr'><strong>comitesque</strong></span> <span class='ocrx_word' id='word_1_11' title='bbox 1013 857 1165 935; x_wconf 88' lang='lat' dir='ltr'><strong>ducesque</strong></span> <span class='ocrx_word' id='word_1_12' title='bbox 1186 856 1316 918; x_wconf 86' lang='lat' dir='ltr'><strong>riarum:</strong></span> 
     </span>
     <span class='ocr_line' id='line_1_3' title="bbox 358 964 1178 1045; baseline -0.004 -16"><span class='ocrx_word' id='word_1_13' title='bbox 358 965 452 1029; x_wconf 78' lang='grc'>50110</span> <span class='ocrx_word' id='word_1_14' title='bbox 474 974 582 1028; x_wconf 84' lang='lat' dir='ltr'><strong>taceas.</strong></span> <span class='ocrx_word' id='word_1_15' title='bbox 625 965 689 1026; x_wconf 87' lang='lat' dir='ltr'><strong>Tua</strong></span> <span class='ocrx_word' id='word_1_16' title='bbox 711 965 752 1026; x_wconf 92' lang='lat' dir='ltr'><strong>mi</strong></span> <span class='ocrx_word' id='word_1_17' title='bbox 774 964 867 1026; x_wconf 81' lang='grc'>100100</span> <span class='ocrx_word' id='word_1_18' title='bbox 889 972 1075 1045; x_wconf 78' lang='lat' dir='ltr'><strong>expresserat</strong></span> <span class='ocrx_word' id='word_1_19' title='bbox 1097 965 1178 1039; x_wconf 90' lang='lat' dir='ltr'><strong>olim,</strong></span> 
     </span>
     <span class='ocr_line' id='line_1_4' title="bbox 408 1055 1329 1148; baseline -0.001 -10"><span class='ocrx_word' id='word_1_20' title='bbox 408 1075 519 1138; x_wconf 79' lang='lat' dir='ltr'>Pallida</span> <span class='ocrx_word' id='word_1_21' title='bbox 542 1081 716 1146; x_wconf 81' lang='lat' dir='ltr'><strong>mentetua,</strong></span> <span class='ocrx_word' id='word_1_22' title='bbox 740 1073 888 1148; x_wconf 78' lang='lat' dir='ltr'><strong>lacrimas,</strong></span> <span class='ocrx_word' id='word_1_23' title='bbox 911 1075 1000 1136; x_wconf 90' lang='lat' dir='ltr'><strong>modo</strong></span> <span class='ocrx_word' id='word_1_24' title='bbox 1024 1075 1147 1136; x_wconf 81' lang='lat' dir='ltr'><strong>sundere</strong></span> <span class='ocrx_word' id='word_1_25' title='bbox 1170 1077 1257 1137; x_wconf 83' lang='lat' dir='ltr'><strong>lletus</strong></span> <span class='ocrx_word' id='word_1_26' title='bbox 1325 1055 1329 1062; x_wconf 35' lang='lat'>⁸</span> 
     </span>
     <span class='ocr_line' id='line_1_5' title="bbox 407 1183 1247 1258; baseline 0.002 -12"><span class='ocrx_word' id='word_1_27' title='bbox 407 1185 474 1247; x_wconf 88' lang='lat' dir='ltr'><strong>Non</strong></span> <span class='ocrx_word' id='word_1_28' title='bbox 495 1185 595 1246; x_wconf 91' lang='lat' dir='ltr'><strong>minus</strong></span> <span class='ocrx_word' id='word_1_29' title='bbox 616 1184 767 1258; x_wconf 80' lang='lat' dir='ltr'><strong>hortatur3</strong></span> <span class='ocrx_word' id='word_1_30' title='bbox 790 1184 834 1244; x_wconf 87' lang='lat' dir='ltr'><strong>sic</strong></span> <span class='ocrx_word' id='word_1_31' title='bbox 856 1191 885 1244; x_wconf 90' lang='grc'><strong>10</strong></span> <span class='ocrx_word' id='word_1_32' title='bbox 908 1183 958 1245; x_wconf 86' lang='lat' dir='ltr'><strong>dal</strong></span> <span class='ocrx_word' id='word_1_33' title='bbox 979 1191 1055 1245; x_wconf 89' lang='grc'>10110</span> <span class='ocrx_word' id='word_1_34' title='bbox 1077 1184 1247 1248; x_wconf 86' lang='lat' dir='ltr'><strong>videndum.</strong></span> 
     </span>
     <span class='ocr_line' id='line_1_6' title="bbox 408 1293 1263 1374; baseline 0 -18"><span class='ocrx_word' id='word_1_35' title='bbox 408 1295 506 1368; x_wconf 87' lang='lat' dir='ltr'><strong>Quare</strong></span> <span class='ocrx_word' id='word_1_36' title='bbox 528 1312 583 1374; x_wconf 92' lang='lat' dir='ltr'><strong>per</strong></span> <span class='ocrx_word' id='word_1_37' title='bbox 604 1293 737 1372; x_wconf 86' lang='lat' dir='ltr'><strong>Superos</strong></span> <span class='ocrx_word' id='word_1_38' title='bbox 760 1311 823 1364; x_wconf 87' lang='lat' dir='ltr'><strong>oro,</strong></span> <span class='ocrx_word' id='word_1_39' title='bbox 847 1293 916 1374; x_wconf 89' lang='lat' dir='ltr'><strong>quid</strong></span> <span class='ocrx_word' id='word_1_40' title='bbox 940 1293 1070 1355; x_wconf 88' lang='lat' dir='ltr'><strong>dissecet</strong></span> <span class='ocrx_word' id='word_1_41' title='bbox 1093 1300 1173 1356; x_wconf 86' lang='lat' dir='ltr'><strong>artus</strong></span> <span class='ocrx_word' id='word_1_42' title='bbox 1260 1301 1263 1308; x_wconf 83' lang='grc'>’</span> 
     </span>
     <span class='ocr_line' id='line_1_7' title="bbox 407 1401 1222 1483; baseline 0 -18"><span class='ocrx_word' id='word_1_43' title='bbox 407 1404 459 1465; x_wconf 89' lang='lat' dir='ltr'><strong>Sic</strong></span> <span class='ocrx_word' id='word_1_44' title='bbox 479 1402 544 1476; x_wconf 85' lang='lat' dir='ltr'><strong>tibi,</strong></span> <span class='ocrx_word' id='word_1_45' title='bbox 569 1413 723 1478; x_wconf 80' lang='grc' dir='ltr'>11111011ος</span> <span class='ocrx_word' id='word_1_46' title='bbox 747 1401 870 1465; x_wconf 88' lang='lat' dir='ltr'><strong>ulterius</strong></span> <span class='ocrx_word' id='word_1_47' title='bbox 894 1421 990 1483; x_wconf 89' lang='lat' dir='ltr'><strong>neque</strong></span> <span class='ocrx_word' id='word_1_48' title='bbox 1014 1419 1087 1478; x_wconf 82' lang='lat' dir='ltr'><strong>coge</strong></span> <span class='ocrx_word' id='word_1_49' title='bbox 1108 1404 1222 1482; x_wconf 90' lang='lat' dir='ltr'><strong>prolari</strong></span> 
     </span>
     <span class='ocr_line' id='line_1_8' title="bbox 356 1511 1200 1592; baseline -0.006 -13"><span class='ocrx_word' id='word_1_50' title='bbox 356 1523 389 1579; x_wconf 80' lang='lat'><strong>55</strong></span> <span class='ocrx_word' id='word_1_51' title='bbox 406 1513 578 1586; x_wconf 74' lang='lat' dir='ltr'><strong>Attonitum,</strong></span> <span class='ocrx_word' id='word_1_52' title='bbox 602 1531 670 1574; x_wconf 89' lang='lat' dir='ltr'><strong>nam</strong></span> <span class='ocrx_word' id='word_1_53' title='bbox 691 1531 740 1573; x_wconf 90' lang='grc'>1110</span> <span class='ocrx_word' id='word_1_54' title='bbox 762 1511 837 1575; x_wconf 90' lang='lat' dir='ltr'><strong>male</strong></span> <span class='ocrx_word' id='word_1_55' title='bbox 860 1512 1044 1592; x_wconf 87' lang='lat' dir='ltr'><strong>respondere</strong></span> <span class='ocrx_word' id='word_1_56' title='bbox 1066 1521 1200 1591; x_wconf 90' lang='lat' dir='ltr'><strong>paratum</strong></span> 
     </span>
     <span class='ocr_line' id='line_1_9' title="bbox 406 1621 1258 1702; baseline 0.002 -19"><span class='ocrx_word' id='word_1_57' title='bbox 406 1622 547 1684; x_wconf 85' lang='lat' dir='ltr'><strong>Efficiunt</strong></span> <span class='ocrx_word' id='word_1_58' title='bbox 568 1621 641 1683; x_wconf 92' lang='lat' dir='ltr'><strong>aliae</strong></span> <span class='ocrx_word' id='word_1_59' title='bbox 664 1639 762 1695; x_wconf 86' lang='lat' dir='ltr'><strong>curae,</strong></span> <span class='ocrx_word' id='word_1_60' title='bbox 786 1641 861 1702; x_wconf 90' lang='lat' dir='ltr'><strong>quae</strong></span> <span class='ocrx_word' id='word_1_61' title='bbox 884 1622 974 1682; x_wconf 91' lang='lat' dir='ltr'><strong>corde</strong></span> <span class='ocrx_word' id='word_1_62' title='bbox 996 1621 1172 1685; x_wconf 90' lang='lat' dir='ltr'><strong>redundant.</strong></span> <span class='ocrx_word' id='word_1_63' title='bbox 1254 1667 1258 1674; x_wconf 87' lang='lat'>-</span> 
     </span>
     <span class='ocr_line' id='line_1_10' title="bbox 448 1731 1278 1812; baseline 0 -18"><span class='ocrx_word' id='word_1_64' title='bbox 448 1733 538 1812; x_wconf 88' lang='lat' dir='ltr'><strong>Isque</strong></span> <span class='ocrx_word' id='word_1_65' title='bbox 558 1731 646 1792; x_wconf 84' lang='lat' dir='ltr'><strong>milri:</strong></span> <span class='ocrx_word' id='word_1_66' title='bbox 669 1731 796 1792; x_wconf 82' lang='lat' dir='ltr'><strong>Aeterna</strong></span> <span class='ocrx_word' id='word_1_67' title='bbox 817 1731 910 1792; x_wconf 83' lang='lat' dir='ltr'><strong>virtus</strong></span> <span class='ocrx_word' id='word_1_68' title='bbox 932 1739 1086 1794; x_wconf 75' lang='lat' dir='ltr'><strong>eumenio</strong></span> <span class='ocrx_word' id='word_1_69' title='bbox 1108 1733 1224 1794; x_wconf 86' lang='lat' dir='ltr'><strong>cadenti</strong></span> <span class='ocrx_word' id='word_1_70' title='bbox 1273 1753 1278 1760; x_wconf 93' lang='grc'><em>·</em></span> 
     </span>
     <span class='ocr_line' id='line_1_11' title="bbox 406 1840 1397 1921; baseline 0.001 -17"><span class='ocrx_word' id='word_1_71' title='bbox 406 1843 446 1904; x_wconf 88' lang='lat' dir='ltr'><strong>Se</strong></span> <span class='ocrx_word' id='word_1_72' title='bbox 467 1841 598 1905; x_wconf 88' lang='lat' dir='ltr'><strong>insinuat</strong></span> <span class='ocrx_word' id='word_1_73' title='bbox 619 1840 756 1920; x_wconf 82' lang='lat' dir='ltr'><strong>lymphae</strong></span> <span class='ocrx_word' id='word_1_74' title='bbox 779 1849 808 1902; x_wconf 88' lang='grc'><strong>01</strong></span> <span class='ocrx_word' id='word_1_75' title='bbox 829 1840 947 1921; x_wconf 89' lang='lat' dir='ltr'><strong>plantae</strong></span> <span class='ocrx_word' id='word_1_76' title='bbox 968 1848 1038 1921; x_wconf 90' lang='lat' dir='ltr'><strong>post</strong></span> <span class='ocrx_word' id='word_1_77' title='bbox 1059 1847 1141 1917; x_wconf 78' lang='lat' dir='ltr'><strong>terga</strong></span> <span class='ocrx_word' id='word_1_78' title='bbox 1161 1842 1292 1917; x_wconf 87' lang='lat' dir='ltr'><strong>relictae,</strong></span> <span class='ocrx_word' id='word_1_79' title='bbox 1394 1917 1397 1921; x_wconf 38' lang='grc'><strong>,</strong></span> 
     </span>
     <span class='ocr_line' id='line_1_12' title="bbox 405 1950 1281 2031; baseline 0.002 -19"><span class='ocrx_word' id='word_1_80' title='bbox 405 1952 464 2013; x_wconf 86' lang='lat' dir='ltr'><strong>Per</strong></span> <span class='ocrx_word' id='word_1_81' title='bbox 486 1969 574 2031; x_wconf 90' lang='lat' dir='ltr'><strong>quam</strong></span> <span class='ocrx_word' id='word_1_82' title='bbox 596 1951 640 2012; x_wconf 91' lang='lat' dir='ltr'><strong>sic</strong></span> <span class='ocrx_word' id='word_1_83' title='bbox 661 1958 777 2012; x_wconf 88' lang='lat' dir='ltr'><strong>tenuor.</strong></span> <span class='ocrx_word' id='word_1_84' title='bbox 822 1951 918 2024; x_wconf 89' lang='lat' dir='ltr'><strong>Quam</strong></span> <span class='ocrx_word' id='word_1_85' title='bbox 940 1950 1048 2024; x_wconf 77' lang='lat' dir='ltr'><strong>concie,</strong></span> <span class='ocrx_word' id='word_1_86' title='bbox 1072 1957 1134 2012; x_wconf 93' lang='grc'>1010</span> <span class='ocrx_word' id='word_1_87' title='bbox 1156 1959 1281 2026; x_wconf 79' lang='lat' dir='ltr'><strong>caterva,</strong></span> 
     </span>
     <span class='ocr_line' id='line_1_13' title="bbox 356 2059 1278 2140; baseline 0.001 -17"><span class='ocrx_word' id='word_1_88' title='bbox 356 2078 389 2129; x_wconf 87' lang='lat' dir='ltr'><strong>oo</strong></span> <span class='ocrx_word' id='word_1_89' title='bbox 406 2060 490 2134; x_wconf 87' lang='lat' dir='ltr'><strong>Quae</strong></span> <span class='ocrx_word' id='word_1_90' title='bbox 513 2060 591 2122; x_wconf 89' lang='lat' dir='ltr'><strong>canit</strong></span> <span class='ocrx_word' id='word_1_91' title='bbox 612 2059 799 2134; x_wconf 82' lang='lat' dir='ltr'><strong>illacrimans,</strong></span> <span class='ocrx_word' id='word_1_92' title='bbox 823 2061 964 2140; x_wconf 86' lang='lat' dir='ltr'><strong>quoniam</strong></span> <span class='ocrx_word' id='word_1_93' title='bbox 986 2059 1052 2121; x_wconf 86' lang='lat' dir='ltr'><strong>sine</strong></span> <span class='ocrx_word' id='word_1_94' title='bbox 1073 2079 1158 2122; x_wconf 92' lang='lat' dir='ltr'><strong>more</strong></span> <span class='ocrx_word' id='word_1_95' title='bbox 1178 2061 1278 2124; x_wconf 83' lang='lat' dir='ltr'><strong>voraci</strong></span> 
     </span>
     <span class='ocr_line' id='line_1_14' title="bbox 404 2169 1085 2249; baseline -0.004 -16"><span class='ocrx_word' id='word_1_96' title='bbox 404 2170 562 2248; x_wconf 83' lang='lat' dir='ltr'><strong>Indulgere</strong></span> <span class='ocrx_word' id='word_1_97' title='bbox 584 2169 670 2246; x_wconf 87' lang='lat' dir='ltr'><strong>gulae</strong></span> <span class='ocrx_word' id='word_1_98' title='bbox 694 2170 805 2232; x_wconf 85' lang='lat' dir='ltr'><strong>studuit</strong></span> <span class='ocrx_word' id='word_1_99' title='bbox 825 2177 929 2232; x_wconf 86' lang='lat' dir='ltr'><strong>venata</strong></span> <span class='ocrx_word' id='word_1_100' title='bbox 953 2188 1085 2249; x_wconf 74' lang='lat' dir='ltr'><strong>sapores</strong></span> 
     </span>
     <span class='ocr_line' id='line_1_15' title="bbox 405 2279 1304 2359; baseline 0 -17"><span class='ocrx_word' id='word_1_101' title='bbox 405 2281 476 2343; x_wconf 91' lang='lat' dir='ltr'><strong>Usta</strong></span> <span class='ocrx_word' id='word_1_102' title='bbox 499 2280 576 2341; x_wconf 88' lang='lat' dir='ltr'><strong>lame</strong></span> <span class='ocrx_word' id='word_1_103' title='bbox 599 2288 688 2359; x_wconf 88' lang='lat' dir='ltr'><strong>atque</strong></span> <span class='ocrx_word' id='word_1_104' title='bbox 710 2279 759 2342; x_wconf 84' lang='lat' dir='ltr'><strong>siti</strong></span> <span class='ocrx_word' id='word_1_105' title='bbox 782 2281 832 2342; x_wconf 93' lang='lat' dir='ltr'><strong>hic</strong></span> <span class='ocrx_word' id='word_1_106' title='bbox 853 2281 960 2342; x_wconf 90' lang='lat' dir='ltr'><strong>iterum</strong></span> <span class='ocrx_word' id='word_1_107' title='bbox 982 2281 1016 2340; x_wconf 87' lang='lat' dir='ltr'><strong>lit</strong></span> <span class='ocrx_word' id='word_1_108' title='bbox 1036 2286 1170 2358; x_wconf 86' lang='lat' dir='ltr'><strong>tempore</strong></span> <span class='ocrx_word' id='word_1_109' title='bbox 1193 2288 1304 2342; x_wconf 80' lang='lat' dir='ltr'><strong>sancta.</strong></span> 
     </span>
     <span class='ocr_line' id='line_1_16' title="bbox 405 2365 1138 2470; baseline -0.003 -18"><span class='ocrx_word' id='word_1_110' title='bbox 405 2389 506 2452; x_wconf 87' lang='lat' dir='ltr'><strong>Dulcis</strong></span> <span class='ocrx_word' id='word_1_111' title='bbox 529 2389 604 2452; x_wconf 94' lang='lat' dir='ltr'><strong>odor</strong></span> <span class='ocrx_word' id='word_1_112' title='bbox 625 2390 715 2470; x_wconf 80' lang='lat' dir='ltr'><strong>pomi.</strong></span> <span class='ocrx_word' id='word_1_113' title='bbox 735 2365 828 2452; x_wconf 47' lang='lat' dir='ltr'><strong>‘simul</strong></span> <span class='ocrx_word' id='word_1_114' title='bbox 850 2398 879 2452; x_wconf 88' lang='lat' dir='ltr'><strong>et</strong></span> <span class='ocrx_word' id='word_1_115' title='bbox 900 2388 1027 2451; x_wconf 86' lang='lat' dir='ltr'><strong>labentis</strong></span> <span class='ocrx_word' id='word_1_116' title='bbox 1050 2389 1138 2468; x_wconf 87' lang='lat' dir='ltr'><strong>aquai</strong></span> 
     </span>
     <span class='ocr_line' id='line_1_17' title="bbox 406 2498 1221 2580; baseline 0 -20"><span class='ocrx_word' id='word_1_117' title='bbox 406 2499 564 2578; x_wconf 85' lang='lat' dir='ltr'><strong>Splendor,</strong></span> <span class='ocrx_word' id='word_1_118' title='bbox 588 2499 638 2578; x_wconf 86' lang='lat' dir='ltr'><strong>qui</strong></span> <span class='ocrx_word' id='word_1_119' title='bbox 659 2511 739 2562; x_wconf 83' lang='lat' dir='ltr'><strong>rorat</strong></span> <span class='ocrx_word' id='word_1_120' title='bbox 760 2499 870 2562; x_wconf 83' lang='lat' dir='ltr'><strong>virides</strong></span> <span class='ocrx_word' id='word_1_121' title='bbox 892 2498 1069 2580; x_wconf 82' lang='lat' dir='ltr'><strong>adspergine</strong></span> <span class='ocrx_word' id='word_1_122' title='bbox 1090 2499 1221 2572; x_wconf 75' lang='lat' dir='ltr'><strong>frondes,</strong></span> 
     </span>
     <span class='ocr_line' id='line_1_18' title="bbox 356 2608 1178 2688; baseline -0.001 -18"><span class='ocrx_word' id='word_1_123' title='bbox 356 2608 532 2670; x_wconf 74' lang='lat' dir='ltr'><strong>scrutandi</strong></span> <span class='ocrx_word' id='word_1_124' title='bbox 555 2609 692 2670; x_wconf 87' lang='lat' dir='ltr'><strong>ardorem</strong></span> <span class='ocrx_word' id='word_1_125' title='bbox 713 2609 886 2688; x_wconf 87' lang='lat' dir='ltr'><strong>rabiemque</strong></span> <span class='ocrx_word' id='word_1_126' title='bbox 909 2609 1041 2670; x_wconf 79' lang='lat' dir='ltr'><strong>incendit</strong></span> <span class='ocrx_word' id='word_1_127' title='bbox 1061 2608 1178 2669; x_wconf 90' lang='lat' dir='ltr'><strong>edendi.</strong></span> 
     </span>
     <span class='ocr_line' id='line_1_19' title="bbox 405 2718 1275 2782; baseline 0.002 -4"><span class='ocrx_word' id='word_1_128' title='bbox 405 2718 468 2778; x_wconf 91' lang='lat' dir='ltr'><strong>Nec</strong></span> <span class='ocrx_word' id='word_1_129' title='bbox 489 2725 602 2779; x_wconf 86' lang='lat' dir='ltr'><strong>tantum</strong></span> <span class='ocrx_word' id='word_1_130' title='bbox 625 2718 718 2780; x_wconf 91' lang='lat' dir='ltr'><strong>semel</strong></span> <span class='ocrx_word' id='word_1_131' title='bbox 739 2736 862 2782; x_wconf 88' lang='lat' dir='ltr'><strong>emenso</strong></span> <span class='ocrx_word' id='word_1_132' title='bbox 884 2726 1043 2779; x_wconf 85' lang='lat' dir='ltr'><strong>renovatur</strong></span> <span class='ocrx_word' id='word_1_133' title='bbox 1063 2718 1094 2778; x_wconf 91' lang='lat' dir='ltr'><strong>in</strong></span> <span class='ocrx_word' id='word_1_134' title='bbox 1117 2718 1191 2780; x_wconf 88' lang='lat' dir='ltr'><strong>orbe</strong></span> <span class='ocrx_word' id='word_1_135' title='bbox 1271 2763 1275 2780; x_wconf 76' lang='grc'><em>.</em></span> 
     </span>
     <span class='ocr_line' id='line_1_20' title="bbox 404 2827 1301 2907; baseline 0.004 -19"><span class='ocrx_word' id='word_1_136' title='bbox 404 2827 526 2902; x_wconf 80' lang='lat' dir='ltr'><strong>Poeoa3</strong></span> <span class='ocrx_word' id='word_1_137' title='bbox 548 2845 603 2904; x_wconf 84' lang='lat' dir='ltr'><strong>ego</strong></span> <span class='ocrx_word' id='word_1_138' title='bbox 626 2827 760 2890; x_wconf 80' lang='lat' dir='ltr'><strong>dicebam</strong></span> <span class='ocrx_word' id='word_1_139' title='bbox 780 2845 918 2907; x_wconf 90' lang='lat' dir='ltr'><strong>poenam,</strong></span> <span class='ocrx_word' id='word_1_140' title='bbox 942 2833 972 2888; x_wconf 91' lang='lat' dir='ltr'><strong>at</strong></span> <span class='ocrx_word' id='word_1_141' title='bbox 993 2828 1070 2888; x_wconf 89' lang='grc'>10101</span> <span class='ocrx_word' id='word_1_142' title='bbox 1090 2828 1148 2890; x_wconf 88' lang='lat' dir='ltr'><strong>ista</strong></span> <span class='ocrx_word' id='word_1_143' title='bbox 1169 2829 1301 2892; x_wconf 88' lang='lat' dir='ltr'><strong>vocanda</strong></span> 
     </span>
     <span class='ocr_line' id='line_1_21' title="bbox 405 2909 1157 3016; baseline 0 -17"><span class='ocrx_word' id='word_1_144' title='bbox 405 2909 544 2999; x_wconf 81' lang='lat' dir='ltr'><strong>Solamen</strong></span> <span class='ocrx_word' id='word_1_145' title='bbox 566 2935 670 3011; x_wconf 79' lang='lat' dir='ltr'><strong>nohis3</strong></span> <span class='ocrx_word' id='word_1_146' title='bbox 692 2955 760 2998; x_wconf 90' lang='lat' dir='ltr'><strong>nam</strong></span> <span class='ocrx_word' id='word_1_147' title='bbox 783 2955 838 2998; x_wconf 89' lang='lat' dir='ltr'><strong>nos</strong></span> <span class='ocrx_word' id='word_1_148' title='bbox 860 2937 951 2998; x_wconf 89' lang='grc'>1101111</span> <span class='ocrx_word' id='word_1_149' title='bbox 971 2936 1028 2999; x_wconf 90' lang='lat' dir='ltr'><strong>isla</strong></span> <span class='ocrx_word' id='word_1_150' title='bbox 1050 2937 1157 3016; x_wconf 91' lang='lat' dir='ltr'><strong>cupido</strong></span> 
     </span>
     <span class='ocr_line' id='line_1_22' title="bbox 405 3046 1178 3126; baseline 0.001 -17"><span class='ocrx_word' id='word_1_151' title='bbox 405 3048 450 3109; x_wconf 83' lang='lat' dir='ltr'><strong>Ad</strong></span> <span class='ocrx_word' id='word_1_152' title='bbox 471 3047 592 3126; x_wconf 84' lang='lat' dir='ltr'><strong>lignum,</strong></span> <span class='ocrx_word' id='word_1_153' title='bbox 615 3066 674 3125; x_wconf 89' lang='lat' dir='ltr'><strong>quo</strong></span> <span class='ocrx_word' id='word_1_154' title='bbox 697 3046 802 3108; x_wconf 86' lang='lat' dir='ltr'><strong>ductus</strong></span> <span class='ocrx_word' id='word_1_155' title='bbox 825 3056 896 3119; x_wconf 88' lang='grc'>0101,</span> <span class='ocrx_word' id='word_1_156' title='bbox 920 3047 971 3125; x_wconf 91' lang='lat' dir='ltr'><strong>qui</strong></span> <span class='ocrx_word' id='word_1_157' title='bbox 993 3047 1105 3109; x_wconf 84' lang='lat' dir='ltr'><strong>diceret</strong></span> <span class='ocrx_word' id='word_1_158' title='bbox 1125 3047 1178 3111; x_wconf 81' lang='lat' dir='ltr'><strong>Eli</strong></span> 
     </span>
     <span class='ocr_line' id='line_1_23' title="bbox 355 3155 1254 3235; baseline -0.002 -13"><span class='ocrx_word' id='word_1_159' title='bbox 355 3170 388 3222; x_wconf 86' lang='grc'><strong>70</strong></span> <span class='ocrx_word' id='word_1_160' title='bbox 405 3157 492 3218; x_wconf 87' lang='lat' dir='ltr'><strong>Vultu</strong></span> <span class='ocrx_word' id='word_1_161' title='bbox 514 3157 613 3229; x_wconf 89' lang='lat' dir='ltr'><strong>alacri,</strong></span> <span class='ocrx_word' id='word_1_162' title='bbox 637 3155 782 3230; x_wconf 71' lang='lat' dir='ltr'><strong>Christus</strong></span> <span class='ocrx_word' id='word_1_163' title='bbox 805 3175 872 3216; x_wconf 91' lang='lat' dir='ltr'><strong>cum</strong></span> <span class='ocrx_word' id='word_1_164' title='bbox 894 3157 1020 3235; x_wconf 87' lang='lat' dir='ltr'><strong>prodiga</strong></span> <span class='ocrx_word' id='word_1_165' title='bbox 1041 3175 1116 3220; x_wconf 84' lang='lat' dir='ltr'><strong>rena</strong></span> <span class='ocrx_word' id='word_1_166' title='bbox 1138 3159 1254 3220; x_wconf 88' lang='lat' dir='ltr'><strong>cruoris</strong></span> 
     </span>
     <span class='ocr_line' id='line_1_24' title="bbox 403 3265 1369 3346; baseline 0.002 -18"><span class='ocrx_word' id='word_1_167' title='bbox 403 3266 551 3328; x_wconf 85' lang='lat' dir='ltr'><strong>Persolrit</strong></span> <span class='ocrx_word' id='word_1_168' title='bbox 572 3265 699 3346; x_wconf 91' lang='lat' dir='ltr'><strong>pretium</strong></span> <span class='ocrx_word' id='word_1_169' title='bbox 721 3274 811 3344; x_wconf 89' lang='lat' dir='ltr'><strong>atque</strong></span> <span class='ocrx_word' id='word_1_170' title='bbox 832 3265 986 3326; x_wconf 87' lang='lat' dir='ltr'><strong>hominum</strong></span> <span class='ocrx_word' id='word_1_171' title='bbox 1008 3283 1101 3344; x_wconf 84' lang='lat' dir='ltr'><strong>genus</strong></span> <span class='ocrx_word' id='word_1_172' title='bbox 1124 3287 1211 3330; x_wconf 91' lang='lat' dir='ltr'><strong>omne</strong></span> <span class='ocrx_word' id='word_1_173' title='bbox 1233 3268 1369 3339; x_wconf 89' lang='lat' dir='ltr'><strong>redemit.</strong></span> 
     </span>
     <span class='ocr_line' id='line_1_25' title="bbox 446 3375 1331 3454; baseline 0.003 -17"><span class='ocrx_word' id='word_1_174' title='bbox 446 3376 523 3437; x_wconf 83' lang='lat' dir='ltr'><strong>Huic</strong></span> <span class='ocrx_word' id='word_1_175' title='bbox 544 3393 598 3454; x_wconf 83' lang='lat' dir='ltr'><strong>ego</strong></span> <span class='ocrx_word' id='word_1_176' title='bbox 621 3383 682 3436; x_wconf 90' lang='lat' dir='ltr'><strong>tum</strong></span> <span class='ocrx_word' id='word_1_177' title='bbox 705 3376 779 3438; x_wconf 84' lang='lat' dir='ltr'><strong>dixi:</strong></span> <span class='ocrx_word' id='word_1_178' title='bbox 804 3375 870 3448; x_wconf 92' lang='lat' dir='ltr'><strong>Quo</strong></span> <span class='ocrx_word' id='word_1_179' title='bbox 893 3394 930 3436; x_wconf 82' lang='lat' dir='ltr'><strong>en</strong></span> <span class='ocrx_word' id='word_1_180' title='bbox 951 3382 1083 3454; x_wconf 86' lang='lat' dir='ltr'><strong>tempore</strong></span> <span class='ocrx_word' id='word_1_181' title='bbox 1104 3377 1171 3450; x_wconf 86' lang='lat' dir='ltr'><strong>rita,</strong></span> <span class='ocrx_word' id='word_1_182' title='bbox 1193 3378 1331 3452; x_wconf 81' lang='lat' dir='ltr'><strong>Fonusrs,</strong></span> 
     </span>
     <span class='ocr_line' id='line_1_26' title="bbox 403 3485 1254 3567; baseline 0.001 -20"><span class='ocrx_word' id='word_1_183' title='bbox 403 3485 439 3547; x_wconf 94' lang='lat' dir='ltr'><strong>ln</strong></span> <span class='ocrx_word' id='word_1_184' title='bbox 460 3485 565 3547; x_wconf 92' lang='lat' dir='ltr'><strong>melius</strong></span> <span class='ocrx_word' id='word_1_185' title='bbox 589 3503 732 3547; x_wconf 90' lang='lat' dir='ltr'><strong>conversa</strong></span> <span class='ocrx_word' id='word_1_186' title='bbox 753 3494 803 3547; x_wconf 91' lang='lat' dir='ltr'><strong>tua</strong></span> <span class='ocrx_word' id='word_1_187' title='bbox 824 3492 879 3558; x_wconf 68' lang='lat' dir='ltr'><strong>est</strong></span> <span class='ocrx_word' id='word_1_188' title='bbox 902 3485 1103 3564; x_wconf 88' lang='lat' dir='ltr'><strong>mundumque</strong></span> <span class='ocrx_word' id='word_1_189' title='bbox 1124 3487 1254 3567; x_wconf 86' lang='lat' dir='ltr'><strong>reliquit,</strong></span> 
     </span>
     <span class='ocr_line' id='line_1_27' title="bbox 404 3594 1328 3676; baseline 0.002 -20"><span class='ocrx_word' id='word_1_190' title='bbox 404 3596 535 3674; x_wconf 89' lang='lat' dir='ltr'><strong>Tempus</strong></span> <span class='ocrx_word' id='word_1_191' title='bbox 558 3596 595 3656; x_wconf 90' lang='lat' dir='ltr'><strong>ad</strong></span> <span class='ocrx_word' id='word_1_192' title='bbox 617 3613 713 3674; x_wconf 89' lang='lat' dir='ltr'><strong>usque</strong></span> <span class='ocrx_word' id='word_1_193' title='bbox 734 3594 814 3656; x_wconf 86' lang='lat' dir='ltr'><strong>istud</strong></span> <span class='ocrx_word' id='word_1_194' title='bbox 835 3595 968 3656; x_wconf 92' lang='lat' dir='ltr'><strong>nondum</strong></span> <span class='ocrx_word' id='word_1_195' title='bbox 989 3595 1034 3656; x_wconf 90' lang='lat' dir='ltr'><strong>sol</strong></span> <span class='ocrx_word' id='word_1_196' title='bbox 1057 3596 1189 3676; x_wconf 89' lang='lat' dir='ltr'><strong>quinque</strong></span> <span class='ocrx_word' id='word_1_197' title='bbox 1210 3597 1328 3668; x_wconf 80' lang='lat' dir='ltr'><strong>reduxit</strong></span> 
     </span>
     <span class='ocr_line' id='line_1_28' title="bbox 354 3703 1105 3784; baseline -0.003 -16"><span class='ocrx_word' id='word_1_198' title='bbox 354 3714 386 3768; x_wconf 83' lang='lat'><strong>75</strong></span> <span class='ocrx_word' id='word_1_199' title='bbox 403 3705 516 3766; x_wconf 81' lang='lat' dir='ltr'><strong>Annos.</strong></span> <span class='ocrx_word' id='word_1_200' title='bbox 560 3703 597 3764; x_wconf 77' lang='lat' dir='ltr'><strong>nt</strong></span> <span class='ocrx_word' id='word_1_201' title='bbox 619 3703 671 3764; x_wconf 84' lang='lat' dir='ltr'><strong>ribi</strong></span> <span class='ocrx_word' id='word_1_202' title='bbox 693 3705 719 3765; x_wconf 89' lang='lat' dir='ltr'><strong>si</strong></span> <span class='ocrx_word' id='word_1_203' title='bbox 740 3704 885 3782; x_wconf 90' lang='lat' dir='ltr'><strong>peccandi</strong></span> <span class='ocrx_word' id='word_1_204' title='bbox 907 3704 993 3784; x_wconf 83' lang='lat' dir='ltr'><strong>copia</strong></span> <span class='ocrx_word' id='word_1_205' title='bbox 1014 3705 1105 3766; x_wconf 90' lang='lat' dir='ltr'><strong>finem</strong></span> 
     </span>
     <span class='ocr_line' id='line_1_29' title="bbox 403 3813 1255 3892; baseline 0.002 -17"><span class='ocrx_word' id='word_1_206' title='bbox 403 3815 479 3875; x_wconf 86' lang='lat' dir='ltr'><strong>Ante</strong></span> <span class='ocrx_word' id='word_1_207' title='bbox 500 3813 611 3886; x_wconf 78' lang='lat' dir='ltr'><strong>habuit,</strong></span> <span class='ocrx_word' id='word_1_208' title='bbox 636 3814 724 3875; x_wconf 81' lang='lat' dir='ltr'><strong>fausti</strong></span> <span class='ocrx_word' id='word_1_209' title='bbox 746 3831 834 3892; x_wconf 87' lang='lat' dir='ltr'><strong>quam</strong></span> <span class='ocrx_word' id='word_1_210' title='bbox 855 3814 1016 3876; x_wconf 89' lang='lat' dir='ltr'><strong>accesserit</strong></span> <span class='ocrx_word' id='word_1_211' title='bbox 1037 3814 1111 3876; x_wconf 89' lang='lat' dir='ltr'><strong>hora</strong></span> <span class='ocrx_word' id='word_1_212' title='bbox 1133 3814 1255 3889; x_wconf 88' lang='lat' dir='ltr'><strong>doloris,</strong></span> 
     </span>
     <span class='ocr_line' id='line_1_30' title="bbox 405 3923 1256 4003; baseline 0.004 -19"><span class='ocrx_word' id='word_1_213' title='bbox 405 3923 478 3996; x_wconf 90' lang='lat' dir='ltr'><strong>Quis</strong></span> <span class='ocrx_word' id='word_1_214' title='bbox 501 3923 551 3984; x_wconf 89' lang='lat' dir='ltr'><strong>dat</strong></span> <span class='ocrx_word' id='word_1_215' title='bbox 571 3941 662 4002; x_wconf 92' lang='lat' dir='ltr'><strong>posse</strong></span> <span class='ocrx_word' id='word_1_216' title='bbox 684 3923 778 3983; x_wconf 89' lang='lat' dir='ltr'><strong>Deum</strong></span> <span class='ocrx_word' id='word_1_217' title='bbox 800 3923 958 4003; x_wconf 89' lang='lat' dir='ltr'><strong>complecti</strong></span> <span class='ocrx_word' id='word_1_218' title='bbox 979 3942 1083 3984; x_wconf 87' lang='lat' dir='ltr'><strong>rursus</strong></span> <span class='ocrx_word' id='word_1_219' title='bbox 1106 3925 1256 3987; x_wconf 78' lang='lat' dir='ltr'><strong>amicum?</strong></span> 
     </span>
     <span class='ocr_line' id='line_1_31' title="bbox 405 4019 1379 4122; baseline 0.003 -28"><span class='ocrx_word' id='word_1_220' title='bbox 405 4033 561 4104; x_wconf 83' lang='lat' dir='ltr'><strong>Quomodo</strong></span> <span class='ocrx_word' id='word_1_221' title='bbox 583 4041 644 4093; x_wconf 93' lang='lat' dir='ltr'><strong>tam</strong></span> <span class='ocrx_word' id='word_1_222' title='bbox 666 4031 764 4094; x_wconf 84' lang='lat' dir='ltr'><strong>subito</strong></span> <span class='ocrx_word' id='word_1_223' title='bbox 786 4033 909 4112; x_wconf 83' lang='lat' dir='ltr'><strong>potuisti</strong></span> <span class='ocrx_word' id='word_1_224' title='bbox 932 4033 1114 4122; x_wconf 85' lang='lat' dir='ltr'><strong>adscendere</strong></span> <span class='ocrx_word' id='word_1_225' title='bbox 1136 4035 1173 4095; x_wconf 93' lang='lat' dir='ltr'><strong>ad</strong></span> <span class='ocrx_word' id='word_1_226' title='bbox 1191 4035 1281 4096; x_wconf 91' lang='lat' dir='ltr'><strong>istum</strong></span> <span class='ocrx_word' id='word_1_227' title='bbox 1377 4019 1379 4025; x_wconf 46' lang='grc'><em>’</em></span> 
     </span>
     <span class='ocr_line' id='line_1_32' title="bbox 404 4141 1190 4205; baseline 0.003 -3"><span class='ocrx_word' id='word_1_228' title='bbox 404 4141 538 4204; x_wconf 75' lang='lat' dir='ltr'><strong>urbem?</strong></span> <span class='ocrx_word' id='word_1_229' title='bbox 559 4142 632 4204; x_wconf 93' lang='lat' dir='ltr'><strong>Nam</strong></span> <span class='ocrx_word' id='word_1_230' title='bbox 653 4141 741 4202; x_wconf 89' lang='lat' dir='ltr'><strong>rebar</strong></span> <span class='ocrx_word' id='word_1_231' title='bbox 761 4143 854 4203; x_wconf 91' lang='lat' dir='ltr'><strong>multo</strong></span> <span class='ocrx_word' id='word_1_232' title='bbox 877 4143 1020 4204; x_wconf 87' lang='grc'>1111011010</span> <span class='ocrx_word' id='word_1_233' title='bbox 1040 4150 1190 4205; x_wconf 87' lang='lat' dir='ltr'><strong>tenentem</strong></span> 
     </span>
     <span class='ocr_line' id='line_1_33' title="bbox 353 4236 1365 4333; baseline -0.003 -16"><span class='ocrx_word' id='word_1_234' title='bbox 353 4263 387 4317; x_wconf 85' lang='grc'><strong>80</strong></span> <span class='ocrx_word' id='word_1_235' title='bbox 403 4251 449 4311; x_wconf 88' lang='grc' dir='ltr'><strong>Μο</strong></span> <span class='ocrx_word' id='word_1_236' title='bbox 472 4259 499 4312; x_wconf 88' lang='grc'><strong>10</strong></span> <span class='ocrx_word' id='word_1_237' title='bbox 522 4236 714 4324; x_wconf 78' lang='lat' dir='ltr'><strong>offensumm</strong></span> <span class='ocrx_word' id='word_1_238' title='bbox 738 4259 826 4330; x_wconf 90' lang='lat' dir='ltr'><strong>atque</strong></span> <span class='ocrx_word' id='word_1_239' title='bbox 846 4251 897 4312; x_wconf 88' lang='lat' dir='ltr'><strong>ubi</strong></span> <span class='ocrx_word' id='word_1_240' title='bbox 918 4259 1054 4331; x_wconf 86' lang='lat' dir='ltr'><strong>tempore</strong></span> <span class='ocrx_word' id='word_1_241' title='bbox 1075 4259 1210 4332; x_wconf 87' lang='lat' dir='ltr'><strong>tempora</strong></span> <span class='ocrx_word' id='word_1_242' title='bbox 1230 4261 1365 4333; x_wconf 86' lang='lat' dir='ltr'><strong>pensant.</strong></span> 
     </span>
     <span class='ocr_line' id='line_1_34' title="bbox 403 4359 1215 4442; baseline 0.006 -23"><span class='ocrx_word' id='word_1_243' title='bbox 403 4359 491 4439; x_wconf 89' lang='lat' dir='ltr'><strong>Isque</strong></span> <span class='ocrx_word' id='word_1_244' title='bbox 512 4362 600 4422; x_wconf 90' lang='lat' dir='ltr'><strong>mihi:</strong></span> <span class='ocrx_word' id='word_1_245' title='bbox 623 4362 697 4424; x_wconf 88' lang='lat' dir='ltr'><strong>Tam</strong></span> <span class='ocrx_word' id='word_1_246' title='bbox 717 4379 786 4422; x_wconf 84' lang='lat' dir='ltr'><strong>mox</strong></span> <span class='ocrx_word' id='word_1_247' title='bbox 807 4359 961 4440; x_wconf 83' lang='lat' dir='ltr'><strong>absynthia</strong></span> <span class='ocrx_word' id='word_1_248' title='bbox 982 4360 1079 4424; x_wconf 92' lang='lat' dir='ltr'><strong>dulcia</strong></span> <span class='ocrx_word' id='word_1_249' title='bbox 1100 4380 1215 4442; x_wconf 86' lang='lat' dir='ltr'><strong>poenae</strong></span> 
     </span>
     <span class='ocr_line' id='line_1_35' title="bbox 404 4469 1195 4553; baseline 0.008 -23"><span class='ocrx_word' id='word_1_250' title='bbox 404 4469 539 4530; x_wconf 87' lang='lat' dir='ltr'><strong>Potatum</strong></span> <span class='ocrx_word' id='word_1_251' title='bbox 561 4469 680 4532; x_wconf 84' lang='lat' dir='ltr'><strong>adduxit</strong></span> <span class='ocrx_word' id='word_1_252' title='bbox 701 4470 831 4532; x_wconf 88' lang='lat' dir='ltr'><strong>lacrimis</strong></span> <span class='ocrx_word' id='word_1_253' title='bbox 851 4471 1042 4534; x_wconf 83' lang='grc' dir='ltr'>1110οΝ11111</span> <span class='ocrx_word' id='word_1_254' title='bbox 1062 4473 1195 4553; x_wconf 85' lang='lat' dir='ltr'><strong>profusis</strong></span> 
     </span>
    </p>
   </div>
   <div class='ocr_carea' id='block_1_2' title="bbox 0 0 1622 5396">
    <p class='ocr_par' dir='ltr' id='par_1_2' title="bbox 0 0 1622 5396">
     <span class='ocr_line' id='line_1_36' title="bbox 0 0 1622 5396; baseline 0 1"><span class='ocrx_word' id='word_1_255' title='bbox 0 0 1622 5396; x_wconf 95' lang='lat' dir='ltr'><strong> </strong></span> 
     </span>
    </p>
   </div>
  </div>
 </body>
</html>
