3234 5396
324 503 385 566 310
793 500 927 552 raueursr
946 499 984 552 ru.

275 596 631 610 μ--α-ι-α-ι--ι

390 721 460 801 lpsa
480 721 558 784 hene
579 720 616 783 ad
638 736 745 800 peearn
764 736 801 780 ex
821 735 920 798 poena
943 715 1090 798 exilioque
1111 717 1228 782 relevit.

325 833 374 890 ne
390 830 520 911 Adspice
540 838 703 910 praeterea,
724 827 872 907 fulgentes
893 827 1011 890 mittere
1032 829 1168 892 flammas

391 941 506 1004 lsrneru
528 940 657 1002 animem
678 937 842 1010 ardentem,
862 936 1033 1018 Burinque,
1055 937 1181 1020 vimque

392 1048 521 1130 llajoris,
544 1056 627 1112 vasta
649 1049 720 1111 duur
742 1047 831 1126 agitat
852 1045 990 1109 sublimia
1012 1055 1121 1121 urente,

392 1160 552 1222 llruuanm.
594 1159 656 1220 lsta
678 1164 733 1232 est,
754 1154 835 1220 unde
855 1155 899 1218 tui
920 1154 959 1219 ael
979 1173 1029 1218 me
1050 1156 1161 1220 lamina
1175 1158 1259 1221 risus

395 1269 435 1331 Se
456 1269 598 1341 referunt,
620 1267 735 1330 animae
757 1265 909 1348 splendor,
932 1266 982 1328 eui
1003 1265 1118 1328 funeris
1139 1267 1215 1330 hem

194 1417 199 1428 ·
327 1391 377 1444 1³⁰
394 1378 492 1440 Tarda
512 1377 604 1440 nimis
626 1377 687 1440 visa
709 1383 755 1438 est
775 1375 931 1438 meditanti
953 1375 1059 1455 gaudia
1080 1383 1194 1438 nostra.

394 1489 510 1551 Sreeau
532 1495 653 1550 aeterna
673 1486 750 1550 haee
769 1485 819 1548 lux
840 1492 896 1559 est,
919 1503 1009 1566 quern
1030 1485 1174 1548 stramine
1195 1485 1295 1551 (lintre

393 1597 549 1662 Dicentem
571 1595 681 1659 audivit
699 1595 793 1667 riuus,
816 1613 885 1658 vera
906 1611 995 1676 aspra
1016 1596 1146 1676 perium

394 1706 545 1772 lurirliesa
565 1705 680 1768 homiui
702 1703 882 1768 concludere
903 1703 1096 1786 syllogismis.

395 1818 479 1890 Exin,
504 1833 559 1878 eeu
581 1821 693 1880 certam
714 1833 789 1894 quae
811 1814 948 1876 maehina
969 1815 1091 1878 uuueiat
1110 1815 1225 1891 beram,

329 1939 379 1996 135
396 1928 482 1990 Tune
504 1943 572 1989 eum
593 1943 704 2004 sponse
726 1924 780 1988 Dei
803 1923 898 2002 surgit
919 1923 975 1986 sub
996 1943 1084 1988 mane
1105 1926 1255 1989 novellum

397 2037 516 2117 Spuuse
538 2042 727 2098 aemulatum
747 2053 812 2108 suo,
834 2032 894 2096 eibi
914 2042 948 2096 ut
969 2041 1078 2114 aequet
1098 2053 1241 2110 amorem,

398 2146 490 2227 Cujus
511 2160 581 2224 pars
602 2163 691 2208 unam
713 2144 813 2218 trabit,
836 2151 867 2206 et
887 2151 1004 2224 partem
1025 2143 1116 2207 altera
1139 2147 1271 2224 adurget,

397 2255 498 2320 Edens
520 2253 645 2316 tinnitus
666 2271 792 2316 numere
813 2261 873 2316 tarn
895 2253 982 2316 rlulee
1003 2255 1132 2329 sonanti,

398 2365 436 2428 Ut
458 2364 536 2427 bene
557 2363 757 2444 cumposittun
777 2369 884 2442 peetus
904 2371 1057 2440 turgeseat
1077 2383 1200 2443 amere3

208 2515 212 2523 ,
333 2483 382 2536 140
399 2475 451 2538 Sie
471 2473 545 2538 milri
565 2471 733 2554 praesignis
754 2473 864 2535 deeora
885 2481 933 2535 est
951 2479 1017 2536 reta
1038 2474 1102 2536 visa
1122 2476 1246 2552 mereri,

399 2585 438 2646 Et
459 2590 578 2647 eantare
599 2583 704 2656 melos,
728 2590 759 2646 et
778 2582 962 2663 respendere
982 2591 1095 2663 persta,

399 2693 562 2756 Harmonia
582 2692 723 2772 suavique
743 2693 844 2765 modu,
868 2711 957 2772 quem
975 2707 1142 2772 ,agnoscere
1163 2703 1303 2772 nonest,

400 2803 439 2866 Ni
460 2802 549 2864 sedes
571 2801 670 2872 adeas
693 2807 812 2865 aeterua
833 2801 885 2864 ubi
906 2795 1014 2880 gaudia
1034 2804 1144 2866 rimut.

912 3061 970 3145 lt.

448 3241 473 3303 0
496 3242 602 3304 stultns
623 3241 777 3304 huminum
798 3239 902 3304 eurus!
926 3259 1014 3321 quun
1033 3227 1139 3304 manea
1160 3241 1284 3308 labascit

404 3353 504 3414 Vanae
525 3351 570 3413 vis
592 3350 726 3431 sophiae,
749 3369 824 3430 quae
845 3350 955 3431 pennis
975 3369 1095 3413 verrere
1114 3360 1224 3416 terram

405 3463 466 3523 Vos
485 3459 589 3524 eleuet!
611 3461 704 3524 Hieue
724 3461 844 3541 petebat
862 3461 922 3542 jus,
945 3468 1101 3542 arteurqrre
1119 3464 1259 3527 medendi

406 3571 497 3644 Alter,
521 3578 552 3634 et
570 3569 622 3632 ille
643 3587 746 3634 meros
767 3569 925 3652 spectabat
943 3578 1050 3634 tensus
1070 3572 1218 3649 bonores3

374 3680 526 3749 eviribus
546 3679 604 3754 hie,
626 3679 728 3758 lingua
749 3679 800 3742 hie
819 3697 946 3759 regnum
965 3699 1112 3762 usurpare
1133 3683 1273 3763 parabam

409 3791 537 3865 Quidam
559 3789 689 3865 iurandi,
710 3789 831 3870 quidam
852 3790 947 3852 civilia
968 3791 1075 3868 agendi

408 3899 539 3962 Ardebat
559 3898 673 3972 studio,
696 3899 843 3979 quosdam
864 3900 1007 3963 damnosa
1029 3902 1130 3980 fatigat

409 4010 444 4073 lu
464 4011 610 4072 Venerem
631 4007 746 4083 rabies,
769 4010 915 4089 quosdam
932 4018 1015 4074 tenet
1036 4011 1127 4073 etium
1148 4012 1271 4076 inertes.

453 4117 507 4180 llis
530 4137 586 4198 ege
608 4127 671 4181 tum
691 4119 812 4198 penitus
833 4119 949 4194 studiis,
971 4121 1114 4201 surisque
1134 4121 1250 4186 solutus

364 4235 396 4288 1⁰
413 4227 558 4290 Omnibus
579 4229 611 4290 in
628 4227 717 4296 eoelo
739 4237 847 4303 tenum,
869 4247 888 4290 e
908 4229 987 4293 bene
1007 4232 1239 4307 nutabantur,

411 4336 567 4402 versabar.
608 4338 696 4400 Venit
715 4337 789 4400 milri
811 4338 907 4418 gloria
926 4347 1007 4404 unte
1026 4350 1161 4423 recepto.

412 4446 575 4526 Postquam
595 4448 724 4528 quisque
742 4447 843 4510 lesum
863 4449 986 4514 rediens
1006 4451 1167 4516 devenerat
1188 4451 1273 4516 illum
