3282 5404
661 543 795 594 rantolst
814 544 858 594 xl.

923 635 1364 653 —------·—--..

259 765 349 826 llulta
373 764 495 835 minuta,
519 761 617 824 modis
638 763 723 825 miris
745 763 800 824 sub
821 761 933 824 lumine
955 763 1028 824 solis

193 882 242 935 105
259 876 362 953 Longa
384 874 483 945 mcdc,
506 872 596 934 modo
617 891 707 952 parva
727 889 798 934 suas
820 873 990 936 remorantia
1015 874 1135 948 formas,

259 985 392 1064 Corpora
414 983 517 1045 ludere
539 1000 595 1063 per
615 981 740 1055 radium,
764 981 815 1060 qni
835 981 956 1061 saepius
977 982 1083 1044 umbra

258 1093 401 1155 Miscetur
421 1109 541 1172 repens,
565 1109 652 1171 00001
675 1109 749 1170 gens
771 1090 829 1152 sibi
851 1089 940 1170 gestit
960 1092 1055 1172 apisci

259 1209 328 1264 Arte
351 1211 439 1282 atque
461 1201 591 1278 ingenio,
615 1201 781 1264 defendens
802 1201 861 1262 tela
883 1200 952 1263 diei.

259 1313 297 1374 Ut
319 1313 419 1392 chelys
442 1319 530 1394 atque
552 1312 637 1382 fides,
659 1309 711 1372 ubi
733 1311 778 1372 ris
800 1309 877 1372 bene
899 1318 979 1374 tenta
1001 1312 1126 1374 resultet

193 1430 243 1482 110
260 1421 398 1495 Plurima,
421 1421 599 1484 chordarum
622 1420 702 1483 dulci
723 1420 922 1482 modulamine
944 1430 1068 1498 tangunt

259 1531 381 1610 lgnaros
403 1531 533 1592 numeri:
557 1530 601 1592 sic
623 1527 729 1592 crabro
752 1548 789 1591 ex
810 1531 926 1607 agmine
948 1531 1046 1592 lucum

258 1640 507 1720 ltlinJutgentnm
527 1640 623 1702 melos
645 1639 776 1719 undique
799 1639 994 1703 conveniebat

258 1752 333 1814 Ante
355 1767 484 1824 crucem,
508 1750 586 1830 quod
608 1769 657 1812 me
679 1749 786 1830 rapuit,
810 1751 882 1831 qrain
902 1749 991 1812 rerba
1015 1757 1159 1812 notarem.

259 1861 356 1925 blentc
379 1860 500 1941 quidem
522 1860 603 1922 sensi
625 1877 743 1922 carmen
766 1859 961 1939 complectier
982 1859 1056 1921 altas

192 1975 242 2028 115
259 1970 386 2044 Laudes,
408 1987 536 2050 namque
559 1969 658 2032 audita
679 1969 752 2032 mibi
775 1977 822 2031 est
842 1987 899 2030 vox
921 1969 993 2030 ista:
1016 1969 1151 2049 Resurpe

258 2081 297 2144 lit
317 2086 409 2153 ciacc,
432 2080 511 2142 haud
532 2097 619 2142 secus
641 2087 730 2159 atquc
752 2097 859 2140 sonum
882 2078 1070 2159 captantibus
1093 2097 1164 2142 aure

199 2199 203 2206 '
262 2193 327 2254 Non
349 2198 535 2271 perceptura,
559 2208 635 2270 quae
657 2189 697 2252 sit
718 2189 865 2252 sententia
888 2188 970 2250 dicti.

301 2301 366 2363 illic
387 2300 544 2363 haerebam
567 2307 648 2362 tanto
670 2299 782 2362 defixus
808 2315 918 2372 amore,

260 2412 413 2474 Hactenus
436 2417 468 2472 ut
488 2409 561 2470 mibi
583 2426 633 2470 res
655 2426 786 2488 unquam
809 2425 870 2470 non
890 2409 950 2470 ulla
974 2408 1086 2470 catenis
1155 2413 1157 2422 ’

175 2531 244 2582 1100
259 2522 386 2584 'lantum
403 2519 543 2600 jucundis
566 2512 673 2580 bensus
695 2500 867 2580 devinxerit
880 2537 994 2580 omnes.

259 2633 357 2693 bosus
380 2631 457 2692 iorte
479 2629 567 2691 nimis
588 2628 690 2690 ridear
710 2628 754 2690 sic
776 2648 827 2690 cre
849 2627 977 2701 locutus,

261 2741 372 2804 Gaudia
393 2738 697 2821 postponens-oculis
719 2737 867 2802 manantia
888 2738 1031 2817 pulchris,

259 2851 293 2913 ln
315 2869 391 2931 quos
415 2849 580 2929 inspiciens
602 2849 700 2911 omnis
722 2867 789 2912 mea
811 2865 881 2910 cura
902 2848 1038 2927 quiescit.

259 2962 296 3024 dt
318 2961 344 3022 si
367 2960 434 3041 quis
456 2963 581 3038 reputat,
604 2959 668 3021 viva
691 2958 870 3038 exemplaria
891 2957 1008 3037 pulchri

195 3089 243 3143 125
259 3070 365 3134 Eximii
389 3077 472 3134 tanto
493 3069 588 3147 magis
610 3067 751 3146 affulgere
773 3068 892 3138 decora,

157 3155 160 3161 Ι
254 3183 327 3256 Quo
348 3181 416 3261 plus
439 3178 589 3256 contingat
611 3177 699 3238 sedes
722 3177 924 3240 conscendere
947 3174 982 3236 ad
1005 3175 1089 3246 altas,

259 3292 322 3352 Nec
342 3309 391 3352 me
413 3288 595 3369 spectavisse
617 3285 698 3361 illuc,
720 3285 872 3364 indulgeat
894 3285 943 3346 isti

262 3400 381 3481 Culpae,
405 3417 492 3480 quam
515 3399 620 3471 lateor,
641 3415 690 3458 me
710 3402 898 3475 purgaturus,
921 3403 950 3456 et
971 3394 1037 3474 ipse

174 3567 176 3572 ,
262 3511 420 3590 Agnoscat,
442 3529 490 3572 me
511 3527 581 3572 uera
602 3506 694 3586 loqui.
737 3505 813 3568 Nam
834 3513 936 3568 sancta
956 3503 1094 3582 voluptas

195 3621 327 3686 10011011
349 3620 400 3680 hic
422 3619 501 3681 dicta
522 3617 595 3680 mibi
618 3623 673 3691 est,
698 3633 773 3696 quae
795 3613 1067 3678 conscendentibus
1089 3630 1172 3674 arces

261 3731 412 3796 sublimes
433 3730 528 3809 magis
550 3737 638 3809 atque
660 3725 753 3805 magis
776 3726 892 3788 sincera
914 3724 1070 3788 redundat.

756 3988 824 4070 xt.

303 4171 388 4233 blens
408 4168 496 4241 bona,
518 4166 570 4230 ubi
592 4185 721 4248 semper,
745 4185 821 4248 quae
843 4172 923 4226 recte
946 4163 1039 4243 spirat
1060 4162 1171 4227 amoris

261 4282 350 4354 dura,
371 4279 476 4360 liquet,
497 4277 587 4342 veluti
609 4296 669 4340 non
692 4295 787 4357 aequo
810 4275 841 4337 in
864 4275 953 4338 corde
976 4271 1095 4353 cupido,

263 4389 457 4453 Suavisnnam
476 4388 567 4470 jussit
589 4387 731 4450 citharam
753 4387 970 4465 interrumpere
993 4401 1122 4455 carmen,

261 4501 299 4564 Et
320 4507 439 4563 sanctas
462 4515 581 4562 cessare
603 4497 688 4571 fides,
711 4515 784 4578 quar
806 4496 925 4582 dextera
948 4492 1024 4562 oceli
