3234 5396
612 511 746 562 rtntnrsr
764 513 802 562 IX.

203 723 351 790 Confioiat
372 729 487 804 callem,
509 747 577 792 carm
599 728 669 803 illie,
693 728 745 809 qui
766 729 905 792 terminat
925 731 1058 793 aethram

202 837 237 898 ln
257 837 348 918 plano
363 839 510 912 medium,
534 838 643 900 oirolua
664 845 824 918 spectetur,
847 839 898 900 ubi
920 841 977 904 iata

202 947 319 1027 Incipit.
364 948 440 1010 illud
462 965 517 1027 ego
539 948 632 1023 litura,
654 949 783 1010 Moeram
804 949 883 1011 inter
904 951 1041 1022 otiarer,

203 1056 360 1131 Ebmenm,
383 1058 506 1132 indolui,
528 1057 635 1136 exiguo
658 1057 737 1144 quod
760 1057 875 1120 tramite
898 1059 1049 1122 Thusaum

154 1175 186 1230 85
202 1166 313 1228 Dividit
334 1186 350 1229 1
371 1167 515 1244 Ligurum
535 1164 659 1247 popolo.
704 1167 808 1228 Ortum
829 1169 923 1244 vergit
944 1169 980 1230 ad
1003 1187 1096 1230 unum

203 1275 409 1356 Oceanumque
432 1277 517 1356 qrrasi
538 1293 630 1338 unum
653 1276 817 1351 Saldnrum
840 1294 875 1339 ao
896 1297 961 1340 mea
983 1278 1080 1353 tellus,

204 1386 286 1459 Quae
309 1387 459 1466 quondam
480 1385 604 1466 proprio
626 1385 769 1464 tepefecit
790 1388 933 1465 sanguine
955 1396 1084 1466 portum.

203 1495 249 1557 Me
270 1496 350 1558 haud
371 1497 475 1575 ignara
495 1498 555 1556 mei
577 1513 650 1574 gens
671 1495 802 1558 nominis
824 1495 984 1575 appellavit

203 1605 336 1667 Forouu.
381 1605 472 1685 Signa
495 1604 554 1666 moi
576 1602 694 1666 eoelum
716 1605 774 1667 hoo
796 1615 977 1685 praeportat,
999 1617 1033 1668 ut
1055 1608 1126 1669 olim
1218 1675 1222 1682 ,

156 1715 188 1768 ⁹⁰
204 1714 301 1795 Hujus
324 1731 390 1792 ego.
433 1715 519 1778 Haud
540 1715 616 1776 aden
639 1715 750 1776 exarsit
769 1715 843 1776 Belo
865 1716 944 1778 edita
966 1717 1051 1790 nido,

205 1824 332 1886 Siahaeo
354 1825 474 1904 pariter,
497 1825 676 1904 pariterque.
690 1824 795 1886 odioso
818 1826 957 1900 Creusae,

205 1934 356 2007 Quantum
377 1952 443 2014 ego,
466 1933 538 1996 dum
558 1933 625 1996 tulit
646 1933 677 1995 id
699 1935 801 1996 erinis.
843 1936 911 1996 Non
934 1935 984 1998 ilio
1006 1934 1143 1999 dolosum

204 2043 431 2123 Demophoonta
453 2043 510 2106 sibi
531 2043 676 2122 Rhodopa
699 2052 871 2123 conquesto,
895 2063 952 2106 neo
973 2045 1033 2106 imo

204 2155 285 2216 Arsit
306 2153 348 2216 ita
368 2153 488 2216 dioides
510 2151 657 2214 inolnsam
678 2161 799 2232 pectore
821 2153 915 2216 [olen.

155 2268 187 2324 ⁰5
246 2263 284 2326 tt
305 2281 366 2326 non
388 2264 445 2325 ista
467 2271 565 2325 tamen
588 2279 641 2324 eor
662 2261 750 2324 nobis
773 2280 844 2324 eura
865 2263 1024 2337 remordet,

203 2373 313 2435 Verum
334 2373 383 2436 hio
404 2373 527 2446 ridetur,
550 2389 612 2434 nnn
634 2389 710 2451 quae
729 2372 791 2452 jaon
813 2371 901 2451 eulpa
922 2372 1021 2434 redire

203 2483 237 2544 ln
259 2490 390 2546 mentem
411 2482 491 2544 haud
513 2489 625 2561 posset,
649 2480 825 2554 aeduinus,
849 2500 926 2561 quae
948 2482 1004 2544 iata
1026 2484 1146 2562 pararit.

203 2593 259 2656 ilio
281 2611 331 2654 111
354 2592 525 2672 suspicitur,
549 2609 624 2670 qnae
645 2599 757 2652 aeuum
779 2599 863 2654 tanto
885 2599 973 2654 ornet
993 2611 1103 2665 amore,

203 2701 432 2782 suspiciturque
454 2700 575 2772 bonum,
598 2719 653 2780 per
675 2701 755 2780 quod
777 2719 864 2764 mens
885 2720 979 2781 prona
1003 2703 1144 2764 deorsum

142 2821 188 2874 111
202 2812 274 2874 Fert
295 2811 423 2874 reditum
445 2811 482 2874 ad
506 2811 649 2891 Superos.
693 2811 807 2874 Verum.
822 2820 855 2874 ut
877 2811 1032 2876 discedere
1054 2813 1134 2874 euris

204 2920 321 2984 Pacatis
343 2922 462 3001 penitus
484 2921 595 3001 possis,
619 2939 695 3000 quas
716 2921 812 2983 eludit
833 2921 890 2984 ista

203 3030 336 3110 Sphaera
357 3031 421 3106 tibi,
444 3039 503 3094 stat
523 3031 621 3093 adhue
643 3029 719 3092 ultra
741 3030 904 3108 proaedere
927 3029 1036 3092 verbis.

204 3141 289 3202 Scire
310 3142 406 3221 cupis,
430 3141 530 3221 cujum
551 3140 610 3200 hoe
631 3139 741 3211 iumen,
764 3140 846 3217 quod
867 3139 960 3218 fulget
981 3140 1012 3201 in
1034 3139 1085 3200 ilia

205 3250 256 3312 Sin
278 3251 342 3313 iane
363 3269 411 3312 me
431 3253 521 3332 juxta,
545 3257 579 3312 ut
599 3249 700 3310 radius
724 3247 830 3312 solaris
852 3249 883 3310 in
905 3249 984 3310 unda

141 3363 187 3418 1⁰5
203 3359 292 3422 Pura.
335 3360 421 3422 Nune
442 3360 531 3422 andi:
552 3360 604 3421 hio
625 3359 706 3424 intus
728 3375 783 3418 sua
804 3357 911 3436 gaudia
932 3358 1035 3420 Reum

202 3468 360 3548 Expendit
382 3478 545 3548 nosuoque
568 3469 661 3530 ohnro
684 3466 851 3547 conjuncta,
874 3467 973 3545 sigilio
1022 3529 1029 3541 ,

201 3578 287 3640 lilius
309 3587 356 3640 est
377 3579 533 3658 impressa,
556 3578 680 3658 gradum
701 3575 760 3640 eibi
781 3585 866 3640 nanta
888 3595 1069 3656 supremum.

203 3688 293 3750 Sidus
316 3689 347 3750 in
368 3688 437 3761 hoo,
460 3687 511 3750 nbi
534 3706 610 3768 apex
630 3697 801 3766 postremus
823 3687 934 3750 desinit
956 3687 1086 3761 umbrae,

204 3797 298 3871 Quam
321 3807 370 3860 tna
393 3799 578 3877 temporit,
603 3791 722 3860 Christo
745 3797 871 3858 ducente
894 3797 1085 3876 triumphum,

140 3917 187 3972 11⁰
201 3908 282 3970 Haeo
304 3916 457 3989 assumpta
470 3908 562 3988 ,prior
583 3906 671 3979 venit,
694 3906 862 3985 meritaque
886 3906 1011 3970 decedat

201 4017 267 4078 Hoo
288 4017 385 4097 aliqua
408 4017 440 4078 in
461 4017 539 4078 oneli
561 4016 688 4095 sphaera
710 4015 857 4078 mansisse
881 4015 1066 4096 trophaeum,

201 4127 261 4189 Per
283 4127 363 4206 quod
387 4127 513 4190 clareret
534 4125 658 4188 viatoria
679 4134 760 4188 111111
782 4124 888 4187 lucrati

202 4236 343 4316 Utrisque
365 4237 442 4300 hano
463 4235 581 4315 palmis.
625 4235 706 4298 Haeo
727 4236 824 4314 primo
847 4235 960 4296 faverat
983 4251 1066 4308 anso,

201 4346 294 4407 iosue
316 4345 368 4407 ubi
389 4345 484 4412 viator
506 4352 607 4408 saneta
629 4352 675 4406 est
688 4345 808 4408 tellure.
823 4345 944 4424 potius,

139 4458 185 4512 115
202 4456 286 4529 Quae
308 4455 429 4520 minime
452 4455 543 4534 tangit
566 4454 656 4517 vestri
676 4454 852 4534 praecordia
873 4455 982 4534 Papae.

1127 4559 1247 4626 20,
