3234 5396
535 483 539 498 '
594 503 778 555 runorronn
795 506 871 558 1111.

228 720 269 782 Et
290 719 401 782 multos
423 718 497 782 alios
521 721 660 796 ostendit,
683 723 804 786 nomine
826 741 974 804 quemque

227 828 389 910 Appellans
411 830 545 908 proprio,
569 851 629 892 non
651 832 879 911 dedignantibus
901 834 971 909 illis,

177 949 210 1002 11
228 940 279 1002 Sic
301 946 334 1001 ut
355 957 403 1000 mc
426 939 554 1002 obscuro
577 959 665 1004 nemo
688 941 848 1020 signaverit
869 951 946 1005 actu.

226 1049 489 1111 vicidomnus
510 1050 665 1112 Pitanae!
687 1051 826 1113 dentibus
848 1053 944 1132 aspris

226 1160 380 1222 Incassum
402 1167 543 1232 utentem,
566 1168 724 1239 superante
746 1161 886 1241 cupidine
908 1144 1031 1238 edendi3

226 1269 264 1331 ldt
286 1269 499 1342 te,llou1raor,
522 1287 611 1348 quem
632 1270 741 1332 multae
763 1272 896 1333 examina
918 1273 1016 1351 gentis
1110 1281 1114 1294 '

225 1377 391 1440 Narrabant
411 1379 529 1458 pavisse
550 1379 647 1457 pedo;
670 1387 700 1441 et
720 1386 759 1452 te,
781 1381 928 1454 Msncuro,
951 1382 1021 1455 vidi,

176 1502 210 1555 ao
228 1488 281 1550 Cui
305 1488 456 1567 quondam
476 1487 550 1551 urbs
570 1465 636 1550 livi
656 1489 784 1569 spatium
805 1490 967 1554 indulsisse
989 1490 1109 1554 bibendi

225 1597 323 1660 Fauce
344 1598 443 1658 minus
466 1597 546 1659 sicca
567 1599 670 1673 lertur,
693 1597 764 1661 licet
783 1601 884 1662 aridus
906 1619 990 1662 esses

227 1707 328 1786 Usque
350 1707 434 1780 adeo,
457 1714 491 1769 ut
511 1725 663 1788 nunquam
684 1709 753 1770 vino
776 1710 898 1771 satiatus
919 1709 1027 1773 abires.

225 1818 322 1897 thue
342 1810 409 1879 aliis
432 1817 483 1897 qui
498 1815 590 1878 alium
610 1819 750 1897 praefert,
773 1819 817 1880 sio
838 1827 940 1880 nostra
961 1829 1072 1883 morata
1094 1829 1141 1884 cst

225 1926 309 1989 llens
332 1927 363 1986 in
384 1926 531 1988 Luocsusr
553 1927 629 2000 solo,
652 1945 742 2006 quem
764 1946 853 1990 nosse
875 1928 1012 2007 putabam
1099 1931 1101 1938 '

173 2047 207 2101 35
224 2038 271 2098 lle
292 2035 418 2110 melius3
441 2037 494 2097 scd
516 2037 631 2110 nescio,
655 2037 725 2116 quid
747 2055 851 2099 secum
873 2037 924 2099 ille
945 2039 1108 2102 fremebat:

223 2146 441 2226 Audieramque
463 2145 524 2206 illic
546 2145 716 2218 Gnnrooru,
739 2146 791 2208 ubi
812 2147 918 2208 vulnus
940 2149 1067 2212 inhaesit

224 2257 342 2330 Ultoris,
365 2256 446 2335 quod
467 2255 512 2316 sic
532 2255 660 2316 miseros
682 2255 853 2336 depascitur
873 2264 964 2319 artus.

266 2367 291 2428 0
314 2365 421 2438 anima,
444 2365 515 2427 huic
534 2365 604 2446 diui,
628 2383 703 2445 quac
725 2373 785 2428 tam
804 2357 941 2428 'studiosa
963 2367 1073 2429 videris

222 2475 370 2556 Colloquii
390 2475 496 2548 nostri,
518 2475 573 2548 lac,
597 2493 718 2555 quaeso,
740 2484 772 2538 ut
791 2475 909 2556 plenius
931 2495 1002 2538 aure

171 2592 205 2645 11
221 2587 305 2648 lliota
326 2594 376 2647 tua
397 2585 547 2664 accipiam,
571 2591 659 2664 teque
681 2585 766 2665 exple
787 2605 895 2666 meque
916 2586 1078 2666 loquendo.

263 2696 384 2758 Femina
403 2695 465 2775 jam
487 2702 555 2756 nata
578 2701 632 2768 est,
655 2702 744 2775 atque
766 2695 840 2758 haec
860 2696 1007 2759 velamine
1029 2697 1162 2760 nondum

220 2807 326 2879 Utitur,
349 2804 399 2866 ille
420 2805 494 2879 infir,
515 2821 571 2883 per
591 2823 679 2883 quam
702 2805 756 2868 tibi
777 2806 863 2868 dulce
885 2826 1006 2869 manere

220 2916 300 2978 Urbe
322 2915 379 2976 erit
399 2914 430 2976 in
452 2921 564 2987 nostra,
586 2913 663 2976 hanc
684 2914 786 2993 plures
808 2922 960 2998 utcunque
981 2917 1170 2997 reprendant.

219 3026 332 3106 Perges
353 3025 383 3086 id
404 3025 551 3086 monitus:
574 3024 610 3099 si,
633 3043 722 3104 quem
743 3025 812 3086 misi
834 3043 895 3098 ore,
919 3045 1059 3088 susurrus

169 3135 326 3198 cannutio
347 3152 488 3208 errorem,
510 3134 540 3196 id
562 3135 676 3214 pariter
696 3141 726 3196 te
747 3153 816 3196 vera
838 3134 997 3197 docebunt.

220 3234 280 3308 Sed
303 3246 360 3320 dio,
381 3262 453 3307 num
474 3245 590 3306 videam
610 3243 660 3306 hic
680 3243 773 3317 illum,
797 3244 847 3321 qui
870 3244 1000 3306 carmina
1020 3245 1148 3324 primum
1268 3289 1273 3306 .

219 3355 356 3418 Intulerit
378 3373 463 3427 nova,
487 3361 515 3415 et
537 3353 664 3414 altisono
687 3353 732 3413 sio
753 3351 859 3433 incipit
880 3371 947 3414 ore:

220 3464 255 3539 0,
281 3483 365 3544 quae,
388 3465 459 3544 quid
481 3464 521 3525 sit
541 3481 634 3535 amor,
657 3463 773 3524 sentitis
794 3470 903 3537 mente,
924 3461 1052 3542 puellae.

252 3545 315 3636 'ule
337 3591 393 3652 ego
416 3592 490 3647 sum,
514 3573 584 3648 dixi,
607 3572 667 3652 qui,
691 3572 770 3651 quod
791 3572 836 3633 vis
858 3573 951 3653 spirat
972 3573 1091 3646 amoris,

169 3671 324 3763 lttSigno,
347 3691 457 3763 etque
480 3683 530 3745 ille
551 3683 641 3744 modo
664 3700 771 3745 sensus
792 3683 824 3743 in
845 3690 966 3762 pectore
989 3681 1086 3755 dictat,

219 3794 346 3874 Saepius
368 3795 427 3855 hoo
449 3793 558 3860 scribo.
602 3793 627 3854 0
650 3793 750 3866 trater,
774 3811 852 3854 nunc
875 3809 997 3854 cernere
1020 3791 1131 3852 nodum

217 3905 275 3966 Fas
298 3912 352 3976 est,
377 3905 428 3984 qui
450 3904 588 3976 scribam,
611 3903 795 3977 Gurrrounu,
817 3920 925 3981 meque
947 3901 1102 3981 repressit.

217 4012 303 4075 Nunc
325 4013 425 4087 didici,
448 4032 502 4075 our
521 4031 575 4074 ros
597 4013 756 4074 dictantem
778 4030 857 4091 pone
879 4011 982 4086 secuti,

217 4123 371 4202 Stringitis
392 4123 471 4185 hunc
493 4122 599 4184 vestris
620 4123 737 4202 pennis,
761 4140 817 4183 nec
839 4121 962 4198 contigit
982 4137 1113 4200 unquam

165 4236 198 4292 15
215 4233 304 4294 dusis
327 4233 356 4294 id
379 4231 502 4294 nostris.
546 4231 584 4293 ldt
604 4233 655 4312 qui
676 4249 761 4310 mage
783 4231 892 4292 finibus
913 4231 972 4292 illis

213 4329 345 4416 Pr'osilit,
367 4348 401 4404 ut
420 4344 546 4422 placeat,
569 4359 658 4422 quam
678 4341 767 4420 longe
790 4339 907 4402 diderat
927 4359 1005 4402 unus

213 4453 310 4534 dtquc
333 4452 410 4516 alius
432 4451 534 4533 stylus,
558 4452 607 4514 ille
628 4450 727 4513 miuus
748 4450 858 4514 vidisse
879 4458 1009 4532 putatur.
