3234 5396
577 506 758 558 Pnnulrottu
775 505 851 558 XXVl.

215 725 345 788 Enrmrcs
367 733 458 800 valea,
482 743 533 804 qur
555 724 635 788 dulci
657 742 788 786 carmine
809 743 927 788 amores

214 836 287 898 Tam
309 834 381 897 culti
404 834 541 898 cecinere
563 853 645 896 suos.
688 835 751 913 Ego
772 844 882 908 mutus,
906 843 936 898 et
956 835 1069 916 absque

212 945 340 1007 Auditus
363 963 454 1007 sensu
476 953 615 1006 steteram
637 945 750 1006 defixus
773 945 805 1006 in
826 944 884 1006 isto

164 1073 197 1127 95
213 1056 278 1118 Uno
301 1055 444 1133 haesiqne
466 1053 518 1116 din
539 1054 683 1135 pendens,
706 1070 772 1128 nec,
795 1061 899 1116 cautus
921 1053 957 1116 ab
979 1054 1058 1132 igne,

213 1165 336 1226 Accessi
356 1164 494 1244 propius.
537 1163 699 1243 Postquam
721 1171 850 1226 saturata
871 1162 999 1226 ridendo

213 1273 321 1336 Nostra
343 1274 423 1335 acies
445 1273 550 1347 luerat,
572 1291 648 1352 qnae
669 1273 765 1347 vellet,
788 1281 894 1334 cuncta
916 1273 1067 1354 spopondi

213 1383 293 1446 llaec
316 1402 363 1444 me
385 1384 541 1455 iacturum,
565 1384 745 1446 confirmans
767 1382 893 1462 plurima
914 1383 1024 1456 verbis,

216 1494 328 1572 Cuique
350 1492 449 1554 animo
472 1493 586 1554 lactura
606 1493 708 1554 fldem.
728 1526 770 1538 -
791 1494 829 1554 lt
850 1492 895 1554 sic
917 1492 1023 1574 incipit
1043 1493 1108 1556 ille:

151 1617 197 1668 luu
214 1604 251 1665 Ut
272 1602 363 1665 didici
385 1601 496 1675 auditu,
519 1610 589 1681 post
609 1609 639 1664 te
659 1603 784 1680 vestigia
806 1583 918 1683 linquis

214 1712 297 1774 Talia
319 1719 348 1776 et
370 1729 466 1792 usque
487 1712 563 1774 adeo
584 1711 674 1786 clara,
696 1720 730 1773 ut
750 1729 807 1774 nec
827 1713 950 1776 flumina
969 1713 1080 1778 Lethes

213 1822 293 1884 llaec
315 1821 435 1884 abolere
457 1829 575 1899 queant
600 1828 651 1882 aut
673 1823 821 1884 offuscare
843 1823 973 1901 nigrore.

212 1932 250 1993 m
270 1938 320 1992 tna
343 1931 369 1992 si
391 1949 493 1992 verum
510 1931 621 2012 juravit
641 1931 700 1994 lida
721 1932 849 2011 loquela,

214 2041 267 2103 Dic
287 2041 370 2114 mihi,
393 2059 448 2102 cur
467 2047 519 2101 tna
541 2039 620 2103 dicta
642 2041 780 2120 oculique
802 2049 832 2103 et
853 2050 954 2120 gestus
977 2061 1109 2106 amorem

151 2165 197 2218 105
212 2152 247 2212 ln
269 2170 318 2213 me
338 2157 533 2229 praeportant
553 2147 692 2212 tantuml
712 2183 756 2196 —-
776 2151 854 2214 Huic
875 2171 930 2231 ego
952 2152 1022 2216 talia
1044 2162 1164 2218 contra:

214 2261 326 2334 dulcia,
351 2277 425 2340 quae
448 2259 598 2340 qnondam
620 2260 762 2334 cecinisti,
786 2261 928 2336 carmina,
952 2281 1087 2343 quaeque

214 2371 286 2432 Tam
309 2378 377 2432 suut
398 2370 537 2432 duratura
561 2369 622 2444 diu,
646 2389 735 2450 quam
755 2370 821 2449 lege
842 2371 957 2434 recenti

212 2481 295 2542 llusa
318 2480 369 2541 din
389 2488 496 2553 utetur,
518 2480 649 2560 pretiosa
670 2487 700 2542 et
721 2499 788 2542 cara
809 2481 917 2548 futuris

213 2591 330 2670 Scripta
350 2596 400 2651 tua
422 2589 561 2652 efficient.
606 2588 631 2650 0
654 2590 754 2663 irater,
778 2608 867 2670 quem
887 2589 942 2651 tihi
964 2599 1107 2667 monstro,

152 2713 197 2766 110
213 2701 262 2778 (Et
282 2700 373 2778 digito
396 2717 469 2778 prae
491 2717 524 2762 se
547 2706 672 2760 stantem
696 2699 736 2760 mi
759 2700 930 2763 ostenderat
951 2701 1099 2781 umbram)

212 2811 362 2872 Maternae
384 2809 439 2870 init
459 2808 511 2870 hic
530 2809 649 2887 linguae
670 2809 754 2872 taber
774 2810 916 2889 optimus,
937 2811 1046 2891 inquit.

211 2920 364 2982 Praestitit
384 2918 433 2980 hic
456 2919 580 2993 cunctis,
602 2925 722 2980 teneros
745 2937 799 2982 sen
820 2919 893 2982 lusit
913 2939 1039 2994 amores,

213 3028 348 3092 Tradidit
369 3035 420 3092 ant
440 3028 562 3108 scriptis
583 3027 747 3091 romantica
769 3029 835 3107 lege
857 3029 980 3104 solutis3

211 3139 249 3202 ut
272 3139 337 3201 sine
359 3145 466 3218 sponte
487 3137 570 3218 loqui
592 3138 709 3213 stultns,
733 3139 784 3218 qui
806 3139 919 3201 anteire
939 3147 1082 3220 putamnt

151 3263 196 3318 115
212 3249 434 3311 Lnuovrcuunu.
476 3247 541 3310 ldos
564 3256 610 3310 est
630 3248 679 3310 his
700 3247 804 3309 tollere
825 3248 938 3310 vultum

211 3359 284 3420 Plus
307 3359 343 3419 ad
364 3375 525 3430 rumorem,
548 3375 637 3436 qnam
657 3365 756 3420 mente
778 3358 947 3437 expendere
968 3377 1084 3432 verum;

213 3469 264 3530 Sic
283 3468 368 3547 prius
391 3466 549 3530 obfirmant
571 3468 711 3541 animum,
735 3486 823 3547 quam
844 3468 947 3530 audire
967 3467 1111 3544 laborent,

214 3577 292 3650 Quid
313 3577 389 3639 ratio
412 3577 519 3656 qrridve
540 3595 590 3638 ars
612 3584 747 3656 poscant.
791 3577 842 3640 Sic
861 3577 954 3640 multa
973 3587 1090 3642 vetusto

212 3687 350 3749 Ex‘aevo
373 3686 487 3766 stupuit
508 3686 683 3750 Gnrrrounu
706 3687 801 3760 turba,
824 3695 925 3750 secuta

151 3802 197 3855 12⁰
212 3796 344 3874 Vulgata,
367 3795 457 3876 inque
477 3795 557 3858 diem
579 3798 744 3860 crescentia
765 3798 1043 3872 murmuratam,

212 3905 298 3968 Illum
320 3905 484 3980 landando;
506 3925 609 3968 verum
630 3907 789 3970 certamine
811 3906 843 3968 in
864 3907 923 3970 isto

212 4014 317 4078 Plures
340 4015 377 4077 de
399 4015 511 4076 nostris
533 4014 618 4078 illum
638 4018 797 4080 ostendere
818 4018 976 4082 minorem.

256 4123 343 4197 Quod
366 4125 392 4186 si
414 4132 493 4186 tanta
515 4132 596 4204 patet
616 4128 701 4208 privo
723 4127 900 4204 unigradu,
924 4137 956 4190 nt
976 4127 1071 4189 intres

213 4234 390 4309 claustrum,
412 4234 465 4296 ubi
488 4234 623 4298 Christus
646 4237 731 4300 adest
752 4237 858 4316 collegi
879 4238 1022 4300 maximus
1043 4237 1144 4313 abhas,
1216 4215 1221 4222 .

149 4353 195 4408 125
211 4343 265 4405 Dic
287 4343 387 4416 Pater,
410 4345 489 4418 hnic,
512 4356 618 4408 uester
639 4364 695 4425 pro
716 4365 775 4420 ma,
798 4349 894 4427 quoad
917 4347 1032 4425 indiget
1055 4367 1125 4412 usus

211 4453 271 4515 Pro
292 4454 381 4516 nohis
402 4455 513 4518 mundo
535 4455 594 4520 hoc
614 4455 646 4518 in
668 4465 781 4532 nostro,
804 4457 855 4538 qui
877 4458 998 4521 absurlit
1019 4477 1107 4524 omne

1331 2365 1336 2562 1
