3282 5404
601 509 732 560 ememor
750 511 829 560 xvrrt.

166 739 198 795 55
213 731 312 813 Ipsius
335 738 382 792 est
401 736 563 792 monstrata
584 727 657 790 mihi
679 726 738 790 vita
759 735 827 790 ante
847 727 950 801 locuti,

214 842 356 904 Cantores
378 841 456 902 inter
477 839 624 902 eoelestes
645 847 714 918 opta
735 837 884 916 magistra.

214 952 289 1014 Turn
311 950 440 1012 istosin
463 949 599 1010 dextrum
620 947 753 1010 oonrerti
774 946 895 1021 lumina,
918 948 946 1009 in
970 967 1022 1010 ore

213 1061 270 1122 Ant
291 1068 366 1121 nuto
386 1059 529 1122 Dominae
551 1065 584 1119 ut
603 1057 743 1135 legerem,
766 1057 838 1136 quid
858 1067 965 1137 poseat
985 1058 1144 1134 honestes;

215 1169 358 1250 illiusque
381 1169 485 1230 oeulos
507 1176 567 1232 tarn
587 1185 661 1248 pura
684 1167 751 1228 iuoo
772 1168 928 1242 minantes,

168 1287 199 1342 5⁰
213 1279 256 1341 Ao
277 1287 337 1340 tam
355 1277 487 1360 jucunda
508 1277 577 1350 vidi,
600 1283 632 1338 ut
652 1275 810 1357 pulchrum
832 1277 923 1340 denus
944 1277 1051 1340 horum

214 1389 282 1450 Visa
304 1388 388 1468 prius
411 1387 593 1466 solitumque
614 1385 737 1448 omnino
758 1387 863 1448 riserit
884 1405 981 1450 usum.

214 1500 309 1578 Atque
330 1505 372 1572 ut,
395 1516 485 1578 quern
504 1496 660 1558 benefacta
679 1495 792 1576 juvant,
814 1496 909 1574 magis
930 1497 980 1560 iiie
1002 1497 1046 1558 vir
1067 1515 1163 1576 usque

215 1603 262 1670 Se'
275 1607 371 1686 magis
393 1615 481 1686 atque
503 1605 598 1684 magis
622 1606 712 1668 sentit
732 1605 890 1668 virtutibus
912 1615 1044 1668 auotnm:

216 1717 266 1779 Sin
287 1717 361 1778 mihi
382 1716 507 1778 oirouitu
528 1716 641 1796 majore
663 1716 780 1778 auxisse
801 1715 923 1780 videbar

167 1833 199 1888 55
215 1827 314 1888 Arous
332 1834 362 1888 et
383 1825 460 1888 noeti
481 1833 616 1898 tractum,
640 1845 707 1888 omn
728 1825 882 1904 pulchrius
904 1825 977 1888 illud

214 1937 388 1998 Portentum
409 1935 483 1997 vidi:
507 1935 672 2015 qualisque,
694 1935 809 2014 pudore
830 1943 982 2014 gravatum

216 2047 247 2111 Si
270 2047 348 2108 levet
370 2065 405 2108 os
427 2044 542 2119 mulier,
564 2063 650 2106 versa
670 2045 736 2106 vioe
758 2044 883 2108 eandida
904 2052 965 2107 tota
987 2053 1048 2108 est:

216 2157 287 2218 Tale
309 2174 394 2218 meos
416 2155 469 2220 ion
488 2155 580 2228 visus,
602 2154 653 2217 uhi
675 2173 723 2216 me
744 2162 809 2216 rota
830 2154 926 2228 vertit,

217 2267 323 2328 sextae
346 2265 384 2326 ob
407 2264 567 2326 eandorem
590 2263 702 2338 stellae,
725 2283 801 2344 quae
822 2263 920 2326 lenius
941 2264 1049 2328 ardens

169 2395 201 2447 so
217 2377 263 2438 Me
285 2375 454 2454 ingressum
475 2374 600 2454 aooepit
642 2373 725 2436 ioris
747 2373 799 2436 illo
821 2374 851 2437 in
872 2373 984 2436 iumine
1005 2374 1066 2436 ridi

215 2486 388 2565 Fulgentem
411 2484 499 2559 olore,
523 2484 574 2563 qni
597 2493 644 2546 est
665 2483 773 2546 sideris
795 2483 902 2559 innota,
924 2502 1066 2558 amorem,

217 2596 448 2675 Signanternque
470 2593 547 2655 meis
569 2593 673 2666 oeulis,
696 2611 773 2673 quae
794 2601 898 2656 nostra
917 2594 1047 2674 loquela.

215 2707 258 2768 Ao
278 2705 369 2768 veluti
389 2704 526 2766 volueres
548 2703 667 2766 deserta
687 2702 796 2784 pabula
815 2702 890 2784 ripa,

218 2815 372 2878 Gratantes
395 2814 453 2876 sihi
475 2833 580 2894 paene,
603 2822 716 2893 petunt,
739 2831 820 2876 nuno
841 2813 959 2892 agmine
980 2813 1011 2874 in
1033 2812 1145 2887 orbem,

168 2930 199 2984 55
216 2925 300 2987 Nune
323 2933 435 2988 structo
458 2925 489 2986 in
510 2923 648 3002 longum:
671 2923 717 2986 sio
738 2924 818 2986 intus
839 2923 951 2986 lumina
975 2931 1096 2986 sanotae

216 3034 381 3096 Cantabant
402 3035 518 3096 animae
539 3033 707 3106 volitantes,
729 3041 760 3095 et
779 3033 870 3095 modo
892 3033 1010 3110 signum

215 3145 249 3218 D,
271 3164 351 3208 nuno
373 3146 395 3215 1,
418 3161 499 3206 nuno
519 3144 603 3222 Lque
625 3142 735 3204 debent
756 3143 787 3204 in
808 3141 874 3204 luoe
896 3140 1064 3220 legendum.

216 3255 376 3317 Cantantes
397 3254 481 3334 prins
504 3254 534 3314 in
556 3270 712 3314 nnmerum
727 3271 766 3316 ,so
788 3269 924 3331 quaeque
945 3251 1117 3325 movebant3

215 3365 282 3428 Mox
303 3384 408 3428 versae
430 3363 553 3424 existis
575 3380 664 3424 unam
686 3363 812 3424 effecere
834 3362 968 3440 figuram,

168 3485 199 3538 7⁰
215 3475 290 3538 Exin
313 3475 511 3538 constiterunt
532 3480 560 3536 et
582 3472 753 3534 oontiouere
774 3489 945 3552 parumper.

259 3585 284 3647 0
308 3584 393 3648 dirae
414 3583 555 3656 Aonides,
578 3601 653 3663 quas
674 3590 797 3662 propter
818 3580 913 3660 gloria
935 3599 1050 3643 summa

216 3694 346 3772 Contigit
368 3693 507 3772 ingeniis,
530 3702 560 3754 et
581 3692 702 3772 tongum
722 3690 782 3754 vito
802 3709 858 3772 per
879 3709 991 3764 aevum,

215 3804 328 3884 litaque
349 3803 503 3867 nobiseum
525 3803 654 3883 populos
675 3803 774 3864 tenere
794 3819 953 3881 perennes,

217 3914 262 3976 Sit
282 3921 380 3979 vestro
403 3913 531 3993 gaudere
554 3913 654 3976 datum
675 3911 748 3974 mihi
769 3911 891 3986 lumine,
912 3921 946 3972 ut
966 3910 1071 3972 harum

168 4037 199 4090 75
217 4024 308 4103 Signa
329 4023 435 4102 legam,
460 4042 518 4103 quo
541 4040 689 4103 quamque
712 4021 801 4083 modo
820 4020 896 4082 ¹mihi
917 4028 1016 4082 mente
1037 4021 1159 4098 figuram

217 4133 363 4214 Concepi3
386 4153 421 4196 er
443 4134 509 4196 istis
531 4141 629 4214 pateat
649 4140 748 4194 restra
769 4131 878 4211 inclyta
899 4131 992 4192 virtus

215 4244 377 4306 Versioutis
399 4243 549 4306 brevibus.
594 4243 634 4304 Se
654 4249 857 4304 monstravere
879 4259 934 4321 per
948 4249 1024 4302 octo

216 4353 333 4433 Terque
356 4371 461 4415 norem
482 4353 586 4414 mistas
608 4352 736 4426 vocales,
760 4369 876 4431 nonque
898 4359 1055 4426 sonantem

215 4463 388 4544 Partesque,
410 4471 444 4524 ut
462 4463 566 4526 videor
586 4460 716 4543 scriptas
735 4461 856 4536 vidisse,
878 4463 988 4525 notari.

1115 4561 1172 4616 22*
