3236 5394
340 563 382 626 84
767 565 959 617 tnrunnuatnt
978 567 1046 617 ΧΧΙΙ.

356 795 390 848 ta
406 785 500 846 Mater
520 785 593 846 hero
616 803 733 846 serrum
753 803 895 864 perverso
918 803 965 846 me
987 795 1071 863 patre
1093 794 1204 857 natum,

407 893 465 966 Qui
487 894 565 954 bona
588 902 692 956 cuncta
715 895 895 974 domumque
918 913 1001 956 suam
1024 893 1100 956 male
1122 895 1269 973 perdidit,
1292 903 1387 958 etse.

406 1003 519 1064 Deinde
542 1003 638 1064 aulam
660 1006 791 1075 accessi,
814 1023 937 1082 regnum
959 1004 1132 1066 moderante
1154 1004 1285 1084 benigno

408 1112 586 1185 Tneeetoo,
610 1124 699 1193 atque
722 1114 812 1175 isthic
833 1114 932 1175 studui
955 1131 1003 1174 me
1026 1112 1135 1174 dedere
1157 1113 1285 1188 technis,
1345 1173 1350 1182 ,

406 1222 464 1283 Pro
488 1222 595 1301 quihus
616 1223 674 1284 hoc
695 1241 809 1302 poenas
833 1241 925 1300 cogor
946 1221 1116 1302 persolvere
1139 1222 1169 1284 in
1192 1231 1288 1285 aestu.

356 1337 389 1392 50
448 1332 507 1392 Sed
530 1331 580 1411 qui
603 1351 654 1392 ore
677 1341 841 1394 exstantem
862 1339 946 1412 parte
969 1351 1006 1393 ex
1026 1339 1150 1412 utraque
1173 1333 1303 1411 gerebat,

408 1443 492 1504 Siout
514 1460 599 1521 aper,
624 1443 758 1516 dentem,
782 1441 923 1504 Ciriattus
945 1457 1043 1518 ungue
1064 1441 1172 1520 rigenti

406 1551 492 1612 Hunc
515 1551 630 1624 docuit,
654 1569 740 1631 qoam
764 1560 846 1612 artus
869 1551 995 1613 laniaret
1015 1551 1136 1613 vulnere
1159 1553 1277 1614 acerbo.

406 1661 555 1722 Inciderat
578 1661 651 1722 feles
674 1661 766 1734 inter,
788 1661 864 1722 mala
889 1660 1024 1734 saecula,
1048 1679 1145 1722 sorex.

406 1771 492 1832 Hunc
513 1770 729 1849 Barhacrispus
752 1769 924 1850 complexus
946 1770 1080 1850 utrisque
1102 1771 1242 1833 lacertis:

357 1889 389 1942 55
408 1881 558 1960 Quisque,
580 1880 636 1952 ait,
660 1879 800 1954 absistat,
824 1881 894 1942 dum
916 1881 999 1940 turca
1022 1880 1121 1960 ipsum
1142 1881 1219 1943 male
1241 1880 1355 1943 muleo!

406 1990 521 2052 neinde
542 1991 579 2051 ad
602 1991 754 2051 doctorem
778 2009 954 2060 conversus,
979 1989 1088 2051 talibus
1111 1990 1190 2052 infit:

409 2101 441 2161 Si
464 2100 534 2180 quid
558 2100 635 2161 scire
658 2107 744 2179 optas
766 2099 857 2173 ultra,
882 2099 1006 2173 scitare,
1029 2099 1203 2179 priusquam

407 2191 493 2270 Hunc
514 2209 590 2270 alius
612 2210 727 2289 perdat.
748 2243 790 2254 -
812 2209 955 2289 Reliquos
977 2227 1049 2287 ergo
1072 2209 1173 2289 incipe
1195 2218 1298 2271 sontes

407 2319 527 2392 uicere,
551 2320 657 2380 doctor
679 2319 736 2392 ait3
760 2338 829 2380 num
852 2337 1030 2400 quemquam
1052 2319 1108 2380 sub
1130 2319 1197 2398 pice
1220 2319 1300 2380 nosti

358 2439 391 2490 60
407 2428 450 2489 Ex
470 2425 591 2489 Lauro?
612 2429 642 2489 ls
665 2435 768 2490 contra
790 2429 961 2508 respondit:
986 2430 1088 2508 Nuper
1109 2429 1187 2490 abivi

407 2538 431 2599 t
454 2539 595 2618 quodam,
618 2538 726 2599 vestris
749 2539 799 2619 qui
822 2557 882 2600 non
904 2539 1010 2618 procui
1032 2537 1127 2600 abfuit
1150 2538 1228 2612 oris,

409 2647 459 2708 Sic
482 2665 536 2725 ego
559 2665 637 2708 nuno
659 2667 717 2709 una
741 2656 870 2727 tegerer,
893 2667 962 2710 nam
984 2648 1062 2710 haud
1085 2666 1209 2726 cogerer
1230 2665 1357 2726 unguem

408 2756 536 2818 Horrere
560 2764 610 2818 aut
632 2775 749 2819 uncum.
792 2764 829 2818 At
851 2776 920 2819 vero
941 2757 1120 2818 Libioocous
1143 2758 1179 2818 ad
1201 2757 1279 2819 ista:

408 2866 507 2939 Hunc,
532 2866 619 2939 dixit,
643 2866 764 2927 tulimus
785 2867 929 2940 nimium3
953 2874 983 2928 et
1004 2869 1086 2928 turca
1109 2867 1214 2946 arripit
1235 2867 1351 2942 rdnam3

359 2986 391 3041 65
410 2977 541 3055 Cumque
564 2976 605 3036 ita
628 2975 768 3048 saeviret,
792 2977 916 3038 fractum
938 2976 1007 3038 tuit
1029 2977 1098 3038 inde
1119 2977 1273 3038 lacertum.
1342 2961 1344 2965 ⁸

409 3086 504 3164 Aspra
526 3085 740 3164 Draghignacci
762 3085 854 3146 voluit
874 3105 980 3148 manus
1003 3086 1104 3148 infima
1128 3103 1245 3148 crurum

409 3195 571 3271 Prensare3
595 3203 624 3256 at
646 3195 892 3275 circumspiciens
915 3197 998 3258 stetit
1019 3215 1070 3257 ore
1094 3215 1206 3266 severo,

411 3305 469 3378 Qui
492 3313 637 3384 praeerat.
681 3305 844 3384 Postquam
864 3307 984 3385 paulum
1006 3324 1145 3385 repressa
1168 3306 1280 3385 quierit

411 3415 525 3487 Turba,
548 3433 662 3476 moram
685 3415 864 3494 abrumpens
886 3425 1064 3495 praeceptor
1084 3434 1156 3476 voce
1178 3415 1301 3494 rogarit,

361 3533 393 3583 70
410 3524 536 3585 Vulnera
558 3524 655 3586 adhuc
677 3543 731 3586 sua
752 3532 956 3603 spectantem:
979 3524 1124 3598 Quisnam
1147 3525 1197 3586 ilie
1218 3533 1347 3597 vocatur,

412 3638 435 3696 Α
459 3634 705 3714 quo-digressum
729 3641 758 3694 te
780 3634 856 3694 dicis
878 3642 1013 3713 tempore
1036 3635 1123 3706 tristi,

414 3744 489 3806 Oras
511 3751 543 3806 ut
565 3739 711 3824 caperes?
733 3777 774 3786 —
798 3744 912 3804 Gonnus
937 3751 984 3806 cst
1004 3743 1139 3817 nomine,
1162 3743 1265 3805 Frater

412 3854 465 3915 Ille
489 3873 524 3914 en
546 3855 702 3926 Gonnum,
726 3873 777 3915 vas
800 3857 882 3915 omni
903 3853 1007 3914 fraude
1029 3854 1189 3927 refertum3

412 3964 487 4024 Prae
509 3964 646 4025 manibus
669 3964 720 4042 qui
741 3964 883 4024 habuisse
906 3963 969 4024 suis
990 3963 1111 4024 hostilia
1133 3964 1227 4024 fertur

364 4079 396 4134 75
412 4074 500 4134 Arma
521 4085 623 4152 parata
646 4092 732 4134 suum
753 4074 785 4134 in
806 4073 976 4146 dominum,
999 4073 1066 4146 sed,
1091 4073 1141 4152 qui
1163 4072 1213 4134 iila
1236 4071 1385 4150 gerebant,

413 4183 522 4244 Hostes
544 4202 599 4263 pro
622 4184 700 4244 sacto
721 4184 801 4243 hunc
822 4183 961 4257 laudant3
984 4201 1051 4244 nam
1073 4183 1207 4262 pondere
1229 4193 1334 4262 captus

414 4292 500 4365 Auri,
523 4301 555 4353 ut
578 4300 607 4354 et
628 4294 694 4372 ipse
715 4291 832 4372 inquit,
855 4309 962 4370 passus
985 4292 1041 4356 suit
1061 4292 1106 4353 ire
1129 4294 1254 4376 solutos.

413 4402 479 4462 Non
502 4403 558 4463 fuit
577 4402 628 4463 hic
649 4403 771 4464 humilis
793 4400 959 4474 fraudator,
983 4410 1013 4463 at
1034 4403 1138 4464 ordine
1158 4402 1309 4482 princeps.

413 4511 511 4574 Utitur
532 4514 590 4572 hoo
610 4513 747 4574 Mrcnsnt
770 4509 973 4588 (Lugudurum
994 4511 1090 4591 patria
1113 4513 1252 4574 Zenonas
