3234 5396
337 493 398 556 306
808 493 989 546 rsaaorsrx.

403 711 481 774 Urbs
502 719 563 786 tua,
585 731 660 792 quae
681 712 762 776 illius
782 711 885 792 plaute
905 721 961 786 est,
984 713 1036 792 spui
1055 719 1173 776 vertere
1192 712 1307 792 primos

403 821 499 900 'terga
521 841 575 884 auo
597 823 712 886 auotori
733 830 902 896 estruem,
925 821 1072 902 eujusqus
1094 820 1242 885 dolendus

403 931 457 992 list
478 931 553 994 adeo
574 931 658 1004 livor,
681 931 832 1012 progignit
853 940 884 994 et
905 931 1035 1012 undique
1058 931 1157 994 luudit

402 1039 522 1102 Florem
544 1040 628 1104 illum
650 1041 773 1115 tristem,
795 1042 928 1122 peeudes
951 1040 1002 1122 qui
1023 1041 1127 1104 avertit
1148 1049 1178 1104 et
1198 1059 1311 1121 agnou

338 1161 388 1214 ιιι
403 1149 536 1230 Namque
557 1149 607 1212 laio
628 1167 665 1212 es
685 1161 806 1231 pastore
828 1151 932 1232 lupum
954 1150 1064 1216 lesisse
1084 1169 1225 1232 repaoepa

403 1257 551 1338 Arguitur.
595 1259 695 1333 Quare
716 1260 886 1341 Soripturee
906 1260 998 1323 rerba
1019 1261 1172 1342 ducesque

403 1368 500 1447 lingui
521 1367 706 1450 linquuntur.
748 1369 926 1432 Pervolrere
946 1369 1117 1434 lleoretules

404 1477 497 1540 Unioa
519 1495 590 1540 oura
613 1487 659 1542 est
679 1477 738 1552 lris,
759 1479 834 1542 laaeo
855 1479 903 1542 lais
925 1479 985 1542 sioi
1005 1479 1088 1560 priva
1109 1477 1255 1559 supellex.

404 1587 468 1650 ileo
489 1595 538 1652 est
557 1588 713 1652 Pontidois
734 1589 875 1660 studium,
897 1588 965 1659 ltoe.
988 1588 1039 1669 qui
1063 1589 1185 1652 osrdine
1207 1589 1289 1652 oelso
1397 1617 1399 1624 ·

339 1711 387 1764 tto
404 1697 554 1775 Ettulgem
573 1697 676 1778 potiti,
697 1698 819 1762 volvunt
839 1697 895 1762 sula
917 1707 1041 1778 pestere
1060 1698 1175 1762 Patres.

405 1806 549 1870 Nazareth
571 1809 651 1870 haud
672 1809 750 1889 ipsis
771 1827 860 1870 ouras
881 1815 936 1881 ast,
958 1808 1011 1872 ubi
1033 1807 1152 1872 Gabriel
1173 1807 1237 1870 ales

406 1915 523 1980 Tendit.
567 1917 627 1980 Sed
648 1917 730 1980 Petri
750 1915 895 1997 templum
917 1926 948 1982 et
968 1933 1053 1980 saera
1073 1925 1191 1980 eaetera
1211 1918 1332 1992 Romae,

404 2027 555 2108 Bustaque
575 2027 698 2092 militiae
719 2027 800 2092 Petri
821 2026 924 2090 vexilla
945 2035 1065 2090 seoutae

406 2136 500 2218 Turpi
520 2136 558 2200 ab
579 2137 726 2206 adulterio
747 2137 968 2219 quampr'uttttot
987 2137 1083 2200 litere
1103 2153 1220 2200 moues.

919 2393 962 2480 x.

448 2577 483 2640 ln
504 2575 638 2654 genitum
659 2576 825 2657 inspitiens
845 2575 958 2656 pariter
978 2591 1047 2638 eorm
1066 2573 1187 2637 demine
1208 2575 1326 2650 amon’s,

407 2686 581 2750 Saeolonrm
601 2705 620 2748 a
641 2686 721 2750 serie
741 2693 864 2748 aeterna
886 2703 977 2766 quem
998 2685 1249 2765 spiretuteoque,

406 2796 527 2858 Primus
546 2813 647 2858 rerum
668 2796 778 2876 opiter,
799 2813 869 2869 uos,
891 2795 1005 2858 indulta
1026 2801 1169 2875 potestas,

408 2905 624 2986 Quodcumque
643 2914 696 2968 eut
714 2906 806 2970 menti
827 2913 878 2968 aut
899 2904 988 2968 oeulo
1009 2904 1192 2979 obversum,
1214 2904 1242 2967 is
1264 2923 1352 2968 omne

375 3016 522 3078 sordine
542 3016 670 3097 perierit
689 3023 781 3090 ιιιιιο,
802 3023 845 3088 ιιι,
868 3015 920 3095 qui
940 3014 1047 3077 viderit
1067 3013 1157 3087 istud,

406 3126 500 3188 Nemo
523 3143 626 3188 carere
647 3134 738 3206 queat
757 3124 896 3204 potiundi
916 3124 995 3187 illius
1018 3143 1129 3186 amoro.

448 3235 528 3312 Ergo
551 3234 655 3296 oculus
676 3234 780 3297 attolle
800 3245 890 3307 rotas,
914 3232 956 3296 mi
977 3235 1080 3306 leuton
1102 3233 1140 3296 ad
1161 3233 1246 3308 altas,

273 3353 277 3360 “
406 3345 499 3408 lleeta
519 3344 590 3406 illue
610 3361 727 3406 meeum
749 3351 937 3424 suspeotaue,
958 3343 1004 3406 ris
1025 3343 1078 3406 ubi
1099 3351 1200 3406 motus

406 3454 471 3518 Una
490 3453 579 3516 aliam
601 3454 723 3516 alteruis
744 3453 797 3516 ieie
817 3453 923 3534 rapido
944 3453 1035 3516 inuita
1057 3471 1167 3532 oursu3

359 3583 391 3634 lo
406 3565 503 3642 Atque
525 3563 587 3625 illie
608 3572 701 3626 artem
722 3564 770 3626 iae
791 3561 995 3641 contemplere
1015 3563 1150 3642 magistri

407 3674 490 3735 lutus
512 3673 639 3738 amantis
661 3691 738 3753 opus
759 3671 923 3753 proprium,
945 3679 980 3738 ut
1001 3691 1055 3735 sua
1076 3673 1188 3736 lumina
1208 3671 1245 3736 ala
1268 3673 1325 3736 isto

407 3782 491 3846 Haud
512 3801 642 3862 unquam
663 3790 806 3846 amoveat
850 3782 955 3855 Gerus,
977 3789 1011 3843 ut
1032 3782 1206 3848 diffunditu·
1226 3782 1296 3846 iude

408 3891 543 3955 Circulos
564 3891 703 3972 obliquus
723 3909 867 3972 praesens
889 3892 996 3954 aderre
1017 3891 1161 3971 planetae,

407 4002 444 4064 Ut
466 4012 514 4064 sat
532 4001 691 4081 tamigauis
711 4003 763 4064 liat
784 4001 980 4064 dementibus
999 4001 1079 4068 illos.

360 4125 392 4180 15
409 4107 524 4184 Quodsi
545 4130 606 4173 non
628 4111 705 4193 ipsis
724 4111 772 4174 ria
793 4119 870 4174 torta
891 4111 1029 4174 obeunda
1050 4112 1178 4188 damner,

408 4221 559 4284 Permulta
579 4221 611 4282 in
632 4219 717 4283 oeelo
738 4221 831 4282 virtus
853 4222 947 4287 sums
969 4221 1090 4301 periret,

410 4330 515 4392 Omnis
538 4339 567 4392 et
587 4331 712 4394 iuferius
734 4330 779 4392 tis
800 4330 895 4392 ferme
916 4339 1033 4392 mortua
1054 4337 1157 4395 staret.

411 4439 526 4514 Quodsi
547 4439 651 4518 plusve
671 4440 807 4504 minusve
829 4459 846 4502 a
867 4441 984 4510 tramite
1004 4440 1191 4506 deeliuareut
