3234 5396
344 525 407 589 25⁰
775 529 956 582 runcaroan
974 531 1053 583 narn.

409 745 541 813 Eludens
563 767 681 825 seusus,
704 747 882 826 oblongius
902 749 1087 814 interuallum

410 860 443 922 vi
466 877 526 922 nou
547 859 688 922 deiiceret
708 859 839 940 propria,
861 859 937 921 baec
958 861 1002 923 ris
1023 861 1127 924 intima
1149 881 1272 926 caussas

409 969 567 1050 lnquireus
588 987 673 1031 raras
694 987 742 1031 me
764 967 941 1032 candelabra
962 977 1093 1034 tuentem

409 1080 529 1142 Falsum
551 1079 640 1140 animi
663 1077 826 1151 admonuit,
848 1097 997 1160 vocesque
1018 1076 1186 1145 Hcscaaol
1207 1094 1366 1148 canentum
1469 1097 1475 1112 ⁸

359 1196 393 1249 bt
408 1189 606 1252 Personuissa
627 1207 743 1251 nemus.
786 1188 947 1250 Pulchrum
968 1189 1060 1252 decus
1081 1189 1214 1271 undique
1235 1195 1363 1257 dammis

409 1301 544 1380 Desuper
564 1298 688 1361 ardebat
708 1297 826 1370 melius,
850 1317 937 1378 quarn
959 1298 1029 1361 luna
1050 1317 1158 1362 sereno

409 1409 500 1472 Coelo
523 1408 579 1471 sub
602 1415 718 1471 noctem
740 1407 867 1470 mediam
890 1407 980 1487 pleno
1002 1408 1076 1470 orbe
1098 1427 1271 1476 coruscans.

408 1521 446 1582 aa
467 1527 566 1582 mente
588 1517 727 1581 attonitus
749 1524 810 1580 tota
832 1517 891 1580 cati
914 1537 966 1580 ora
988 1519 1077 1598 petivi

408 1629 536 1692 Vracttn
558 1637 589 1690 et
609 1626 668 1688 ridi
690 1627 763 1688 mibi
784 1627 969 1706 respondero
986 1629 1123 1708 stuporis

358 1751 391 1804 bb
407 1739 474 1802 Nou
496 1737 594 1800 miuus
615 1737 695 1798 bunc
717 1737 812 1798 oculis
835 1738 946 1800 lassum
968 1736 1084 1815 fulgore
1105 1740 1243 1818 gravatis.

452 1849 563 1912 Deinde
586 1847 692 1909 iterum
716 1846 847 1927 quaesivi
869 1845 933 1908 acie
955 1847 1095 1910 miracula
1118 1867 1229 1923 rerum,

407 1959 470 2021 Nos
492 1957 570 2020 circa
592 1955 783 2036 usqueadeo
806 1957 889 2019 tardo
911 1957 988 2038 pede
1008 1957 1071 2021 risa
1093 1959 1215 2034 moveri,

408 2069 445 2132 Ut
465 2067 564 2130 minus
585 2067 706 2129 incessu
728 2085 803 2129 nora
826 2073 916 2146 nupta
936 2065 1063 2130 ridenda
1083 2069 1198 2130 reniret

409 2178 518 2240 Tarda.
562 2179 615 2240 Ast
636 2176 817 2257 increpitans
839 2176 946 2238 mulier
966 2177 1012 2240 sic
1033 2195 1085 2240 ore
1106 2178 1204 2242 locuta
1226 2189 1288 2241 est:

358 2298 392 2350 6⁰
409 2289 469 2351 Cur
489 2287 578 2350 ardes
600 2287 717 2349 inhians
739 2285 770 2348 in
791 2286 872 2348 tiras
894 2303 1020 2366 pascere
1040 2286 1124 2350 lucet

408 2399 509 2460 Victus
531 2417 631 2460 amore
652 2396 756 2459 oculos
778 2415 847 2468 rano,
871 2404 900 2458 et
921 2415 996 2476 quae
1018 2415 1097 2478 pono
1120 2406 1293 2478 sequuntur,

407 2505 561 2588 Negligisl
584 2539 623 2552 -
645 2507 711 2570 Huc
730 2507 852 2568 multam
873 2512 936 2568 tum
958 2505 1018 2568 ridi
1039 2508 1182 2570 accedero
1202 2508 1329 2584 turbam,

407 2618 474 2680 Non
496 2636 585 2680 secus
607 2625 694 2695 atque
716 2616 818 2691 duces,
840 2615 973 2678 indutam
993 2617 1126 2679 restibus
1147 2617 1240 2694 albis3

408 2727 489 2790 Talis
511 2738 541 2789 et
561 2727 632 2788 binc
654 2725 766 2788 candor
786 2731 938 2805 utinquam
960 2727 1024 2789 luit.
1068 2727 1151 2790 Unda
1172 2727 1303 2791 minabat

357 2849 390 2903 aa
407 2839 503 2900 Laeva
525 2856 560 2899 ex
583 2844 666 2917 parte
687 2836 902 2915 repercutiens,
925 2836 1038 2898 laevam
1059 2836 1132 2900 mibi
1155 2845 1270 2901 costam

406 2947 552 3027 Defigenti
575 2946 688 3020 oculos,
711 2946 737 3008 si
760 2944 928 3008 consultare
950 2945 1069 3008 tulisset

406 3057 491 3119 blena
513 3056 677 3137 speculum.
720 3056 816 3136 thue
837 3073 934 3118 meam
956 3057 1040 3136 potui
1062 3057 1107 3118 sic
1128 3057 1275 3137 stringere
1296 3058 1400 3138 ripam,

407 3167 444 3230 Ut
464 3187 512 3230 me
534 3165 705 3246 interjectus
726 3174 839 3228 tantum
861 3165 1047 3247 disjungeret
1065 3167 1172 3242 anania,

407 3277 540 3350 Substiti,
562 3287 596 3338 ut
616 3276 797 3357 inspicerem
818 3276 935 3350 melius,
957 3286 1135 3357 praeterque
1155 3286 1288 3340 meantes

356 3399 390 3450 70
404 3388 451 3449 lre
474 3388 556 3448 laces
576 3386 646 3458 aidi,
667 3386 838 3465 linquentes
859 3392 927 3448 aera
948 3385 1071 3466 pictum.
1292 3383 1294 3388 ’

406 3497 477 3558 Post
500 3515 542 3569 se,
565 3495 711 3576 peniculis
732 3495 847 3558 similes
869 3495 1017 3558 deducere
1038 3504 1149 3559 cactus

405 3606 527 3669 Edoetis
548 3605 655 3667 varios.
698 3605 758 3668 Per
777 3624 851 3686 quas
872 3606 903 3667 iu
925 3614 1008 3686 parto
1030 3623 1160 3687 superna

405 3715 491 3777 Hunc
513 3715 712 3794 distinguebat
733 3715 927 3795 septemplice
949 3733 1052 3796 sparsa
1074 3716 1175 3778 colore

405 3826 509 3888 Fascia
532 3826 725 3906 septemplex,
746 3825 837 3887 veluti
858 3825 904 3886 sol
927 3824 1072 3887 candidus
1093 3843 1204 3899 arcum,

355 3945 388 3999 75
404 3937 442 3999 Et
461 3935 584 3998 Phoebe
605 3953 719 3998 zonam.
761 3934 844 3998 llaec
864 3943 944 3998 retro
964 3935 1070 3997 vexilla
1090 3935 1238 3998 micabant

404 4045 486 4108 Ultra
508 4046 586 4108 oculi
607 4045 694 4118 vires,
718 4054 756 4119 et,
779 4053 921 4126 quantarm
941 4063 1066 4108 cernere
1088 4045 1178 4126 quiri,

406 4155 561 4217 Distabaut
580 4155 627 4216 bis
650 4155 781 4236 quinque
802 4155 912 4232 gradus
933 4155 1060 4218 extraria
1082 4155 1178 4232 signa.

448 4263 512 4327 Sub
532 4273 614 4327 mata
635 4265 711 4328 coeli
732 4265 843 4345 specie,
865 4283 953 4346 quam
975 4267 1106 4327 carmine
1126 4265 1205 4338 dieo,

405 4373 520 4436 Deinde
543 4384 647 4455 quater
666 4375 731 4438 seni
753 4373 888 4436 seniores
910 4393 1036 4455 pergere
1056 4375 1119 4437 bini

355 4485 390 4540 80
407 4483 484 4546 Sunt
503 4483 569 4547 risi.
611 4485 666 4547 llis
688 4484 792 4547 rutilos
812 4483 973 4562 cingebant
993 4485 1055 4548 lilia
1076 4487 1194 4558 micea:
