3214 5400
400 720 531 801 nruugn
554 719 586 782 iu
606 728 711 783 tenues
733 719 868 802 dispersa
891 730 1010 784 evanuit
1031 739 1128 784 auras.

443 829 571 893 Auribus
592 837 625 892 ut
647 829 759 893 nostrie
781 829 902 910 requies
924 830 988 903 tuit
1013 849 1083 893 ecce
1106 833 1222 910 fragore

336 949 384 1004 lta
401 940 499 1003 Altera
520 940 564 1003 sic
584 957 704 1014 resono,
727 949 759 1002 ut
780 935 878 1004 subite
901 940 941 1002 sit
961 939 1025 1002 risa
1046 947 1149 1004 tonare

398 1051 472 1112 Post
493 1049 607 1129 fulgur:
630 1049 702 1112 Sum
723 1050 881 1112 Accianos
903 1067 968 1129 ego,
991 1066 1072 1112 nunc
1094 1028 1181 1113 saxea
1203 1051 1295 1114 tacta!

399 1160 540 1238 Astape,
562 1158 689 1222 sollicite
711 1177 877 1241 properans
898 1177 983 1240 mage
1006 1158 1153 1238 stringere
1175 1172 1281 1232 ratem,

400 1269 584 1341 Retrorsum
606 1287 667 1332 non
688 1278 757 1332 ante
778 1269 887 1351 pedem
906 1269 1030 1348 vestigia
1049 1269 1136 1332 traxi.

441 1380 567 1459 Jamque
589 1379 756 1459 quiescenti
778 1379 885 1442 similia
908 1387 1078 1442 cessaverat
1099 1397 1170 1442 aura

336 1506 384 1559 ιω
400 1487 547 1568 Undique,
570 1497 599 1552 et
620 1489 670 1552 ille
692 1487 805 1568 inquit:
828 1489 897 1551 Fuit
917 1489 991 1553 haec
1011 1488 1057 1550 vis
1079 1507 1185 1568 aspera
1206 1490 1293 1554 trani.

399 1599 476 1679 Apta
497 1617 569 1662 suos
591 1599 669 1662 intra
689 1601 765 1662 fines
788 1597 929 1660 cohibere
951 1605 1106 1678 protervus

401 1708 595 1786 terrigenam
618 1708 671 1771 sed
692 1720 745 1770 ros
767 1708 813 1769 sic
834 1723 935 1770 escam
956 1707 1088 1780 inhiatis,
1112 1716 1144 1769 nt
1165 1708 1262 1771 hostis

399 1817 458 1880 Vos
481 1819 562 1880 fraus
583 1817 697 1900 antiqui
720 1817 885 1898 necopincs
908 1826 1034 1898 occupet
1053 1817 1151 1879 hamo.

401 1928 499 2002 Quare
522 1928 604 1990 trena
625 1946 730 2008 parum
751 1936 887 2008 prosunt,
909 1936 960 1989 aut
981 1945 1065 2006 signa
1086 1935 1252 1990 uocantum.

335 2053 383 2107 tta
441 2037 616 2100 Retrorsum
636 2055 690 2099 rcs
713 2037 820 2116 templa
842 2045 949 2100 vocant
970 2037 1125 2110 coelestia
1144 2045 1275 2100 restrum

399 2147 475 2209 Dum
497 2165 584 2228 gyros
606 2147 720 2211 ducunt
741 2163 832 2228 supra
855 2158 952 2226 caput,
976 2153 1063 2226 atque
1086 2146 1224 2210 decorem

400 2257 559 2320 Aeternum
580 2258 728 2337 pandunt:
752 2256 806 2318 sed
825 2265 922 2320 terrae
944 2258 1001 2320 fixa
1021 2257 1130 2318 tenetis

399 2367 524 2429 Lumina
546 2366 657 2448 adhuc3
680 2367 720 2430 ita
741 2387 804 2442 vos,
828 2367 879 2447 qui
900 2365 1047 2447 perspicit
1068 2366 1177 2441 omnia,
1201 2366 1309 2447 pulset.

277 2486 281 2806 Ι

401 2806 551 2880 Quantum
572 2806 651 2868 inter
672 2806 810 2886 spatium,
833 2808 913 2887 quod
935 2807 1023 2870 tertia
1045 2809 1167 2871 conficit
1188 2809 1270 2882 hora,

399 2915 549 2998 Ajubare
571 2924 672 2979 exorto
694 2915 822 2996 sphaera
843 2918 955 2980 indicat
976 2917 1131 2992 intervalli,

401 3026 493 3089 Sueta
515 3045 601 3088 suum
624 3045 745 3106 semper
765 3029 851 3108 pueri
872 3029 967 3090 instar
987 3027 1089 3090 ludere
1111 3027 1227 3091 ludum:

401 3135 574 3216 Hesperiam
597 3143 710 3198 tantum
733 3138 904 3217 properanti
926 3146 1048 3216 tangere
1070 3138 1127 3200 acti

367 3245 540 3317 aReatabat
561 3265 677 3312 cursus.
719 3247 791 3309 Erat
811 3247 873 3310 illic
895 3247 999 3310 ultima
1019 3248 1104 3321 lucis,

399 3353 497 3435 Atque
520 3355 609 3418 isthic
631 3357 748 3420 mediae
769 3377 840 3437 pars
863 3357 1076 3420 obscurissima
1100 3359 1213 3433 noctis;

400 3463 437 3526 Et
456 3465 567 3528 vultum
580 3465 719 3528 medium
740 3467 832 3530 telum
854 3467 954 3530 setara
975 3468 1109 3548 petebam

401 3573 534 3656 Namque
556 3575 597 3638 ita
617 3576 729 3639 montis
751 3585 815 3638 erat
835 3577 922 3639 nobis
944 3587 1100 3658 peragrata
1123 3593 1244 3650 corona,

401 3684 439 3746 Ut
460 3685 578 3765 plantae
600 3685 762 3766 Hesperias
785 3687 899 3750 directo
921 3688 1040 3750 mamite
1061 3696 1161 3768 partes

353 3811 385 3864 ιο
401 3794 566 3858 (latrarent.
609 3795 682 3857 uini
706 3813 773 3858 cum
795 3798 876 3859 sensi
899 3797 1060 3878 splendore
1082 3803 1242 3875 gravenam,

401 3904 454 3966 Sat
473 3904 541 3985 ptus
565 3924 653 3985 quam
675 3914 744 3968 ante
767 3915 863 3987 caput,
888 3925 964 3987 quae
986 3925 1035 3970 res
1057 3925 1105 3970 mc
1127 3907 1245 3983 cognita
1267 3904 1400 3967 nondum
1501 3931 1503 3972 r

400 4013 524 4076 Fecerat
546 4015 713 4077 attonitum.
758 4017 856 4089 Quare
877 4016 934 4078 tait
954 4017 1084 4097 impetus
1106 4017 1210 4078 ambas
1242 4039 1248 4052 ·

401 4119 478 4186 Hinc
499 4130 587 4203 atque
608 4124 679 4187 hinc
699 4125 813 4205 palmas
833 4126 993 4207 palpebrae
1015 4145 1167 4207 opponere
1189 4127 1318 4206 utrique,

400 4233 638 4314 Luminibusque
656 4235 746 4316 jubar
766 4236 897 4310 defendi,
919 4247 953 4298 ut
974 4236 1088 4316 spicula
1110 4237 1187 4298 lucia

353 4343 526 4412 15Parcius
548 4345 837 4419 suscitatorum,
860 4346 970 4422 limata,
993 4355 1121 4408 tuentes.
1217 4377 1221 4386 ·

446 4451 530 4514 Sicut
551 4463 700 4533 aquaem
721 4454 845 4536 speculo
867 4456 942 4520 sotis
964 4456 1013 4518 lux
1036 4457 1138 4532 tirou,
1163 4463 1328 4518 retrorsum

903 4546 1502 4710 .‚,-÷-„„-u
