3214 5400
338 507 401 574 208
770 507 952 562 runcuronu
970 507 1027 560 ιιι.

405 729 530 793 Lumina
551 737 584 794 ut
606 727 637 792 in
660 745 799 790 somnum
821 727 893 790 mihi
916 725 1067 790 declinare
1088 725 1224 790 voluutas

341 857 389 910 lto
405 839 542 904 suaserit
562 847 592 902 et
612 838 687 902 tales
709 847 822 900 mutare
844 837 875 899 in
897 837 1014 899 somnia
1034 855 1132 899 curas.

893 1182 978 1264 xlx.

406 1387 536 1468 Tempus
558 1394 632 1460 erat,
654 1404 722 1448 cum
746 1385 838 1463 frigus
861 1384 959 1447 adbuc
981 1385 1083 1448 lunare
1106 1383 1212 1446 diurna

403 1498 483 1561 Aura
506 1498 605 1559 lovere
626 1496 740 1577 nequit,
762 1501 841 1558 terra
864 1494 910 1556 vel
932 1494 1030 1558 sidere
1052 1512 1143 1573 saepe

405 1590 526 1670 Saturni
547 1606 631 1678 victa,
654 1614 683 1668 et
705 1605 884 1668 Geomantos
908 1622 1031 1682 surgere
1053 1603 1090 1664 ab
1113 1602 1176 1665 oris

404 1716 546 1798 Maiorem
568 1715 639 1776 Eois
662 1715 819 1788 tartunam,
842 1733 950 1778 aurora
971 1713 1146 1794 priusquam

371 1826 518 1891 bErlcrit
538 1825 677 1898 melanto,
700 1833 895 1905 prospectant
918 1823 991 1888 calle
1013 1822 1137 1903 potitam

403 1935 530 1998 lndocili
548 1935 667 2015 'nigrare
690 1935 756 2004 diue
779 1953 847 1998 cunr
868 1933 980 1997 lemida
999 1933 1088 1996 balba

403 2044 505 2108 Adfuit
525 2035 704 2117 insomnis,
727 2044 830 2106 oculos
852 2053 1021 2107 bausversa
1035 2049 1160 2106 tuentes

403 2155 472 2217 visa
494 2173 623 2228 movere,
645 2173 795 2234 supraque
816 2153 909 2234 pedes
932 2153 1057 2216 distorta
1078 2171 1243 2236 manusque

404 2265 522 2326 Trunca
545 2263 663 2338 ambas,
686 2272 775 2345 atque
797 2282 832 2325 os
855 2281 941 2326 cerae
965 2265 1078 2326 sullusa
1100 2263 1211 2330 colore.

354 2385 387 2437 lo
445 2374 529 2436 Hanc
550 2390 606 2452 ego
630 2373 810 2454 spectabam,
833 2391 869 2436 ac
889 2373 981 2436 voluti
1002 2374 1047 2436 sol
1070 2373 1177 2452 frigida
1197 2373 1332 2436 membra

402 2483 497 2546 Nocte
520 2490 635 2562 gravata
657 2482 734 2546 solet
754 2501 907 2546 recreare:
929 2484 970 2546 ita
992 2484 1108 2546 solvere
1129 2483 1247 2562 linguae

402 2594 505 2657 Nodos
527 2591 597 2658 binc
618 2593 759 2657 dederam
781 2593 894 2666 obtutu,
918 2600 947 2656 et
968 2612 1036 2656 mox
1058 2611 1185 2673 corporo
1207 2601 1270 2656 toto

404 2702 523 2766 Tollere
545 2721 578 2764 so
600 2711 745 2765 arrectam
767 2710 856 2782 atque
878 2704 1008 2784 expertia
1031 2703 1184 2782 sanguinis
1206 2722 1259 2766 ora

403 2812 503 2875 Foeda
525 2811 705 2886 colorabam‚
724 2821 757 2874 ut
778 2813 915 2876 dominae
936 2813 1081 2876 voluisset
1101 2821 1225 2876 amator.

355 2932 386 2987 15
402 2924 499 3002 Atque
521 2921 573 2985 ubi
596 2922 639 2984 sic
660 2921 760 3000 lingua
782 2923 880 3002 potuit
901 2923 1014 3002 garrue
1037 2923 1143 2997 soluta,

403 3033 492 3096 Tales
514 3031 564 3094 illa
586 3049 679 3094 sonos
700 3032 857 3094 modulari·
869 3033 977 3113 coepit,
999 3040 1032 3096 ut
1054 3049 1141 3110 aegre
1198 3091 1201 3100 .

402 3143 475 3206 lnda
496 3161 584 3205 aures
605 3150 794 3222 mentemque
816 3143 957 3206 intentam
979 3145 1100 3213 flectere
1123 3143 1264 3224 quisecm.

403 3253 449 3314 En
472 3270 527 3332 ego
550 3271 625 3326 sum,
649 3253 795 3326 cantabat,
819 3271 885 3332 ego,
908 3253 1080 3316 dulcissima
1102 3253 1199 3327 Siren,

403 3364 487 3438 Quae
508 3362 613 3442 pelago
635 3362 667 3425 iu
687 3363 787 3424 medio
808 3381 934 3443 possum
956 3363 1104 3432 deducere
1126 3382 1216 3426 cursu

351 3483 386 3534 uo
402 3473 527 3548 Nautas3
549 3481 631 3534 mum
652 3491 719 3534 mou
742 3491 865 3536 manans
887 3493 924 3536 ex
945 3491 998 3534 ore
1020 3472 1156 3555 voluptas
1210 3535 1213 3542 ,

402 3583 548 3646 Sensibus
570 3583 713 3646 insinuat.
757 3583 846 3645 Traxi
867 3582 1067 3646 modulamine
1088 3583 1210 3664 Ulyxem

404 3693 514 3755 Errore
536 3711 552 3754 c
574 3693 674 3770 longo,
698 3700 736 3765 et,
760 3711 877 3762 meorum
899 3693 951 3773 qui
973 3694 1113 3756 conuenit
1133 3712 1199 3769 usu,

401 3802 480 3864 Raro
502 3801 572 3864 abit.
594 3821 691 3884 usque
713 3803 787 3864 adeo
808 3803 916 3883 plenus
938 3810 1046 3866 manet.
1074 3804 1150 3866 ³0re
1171 3804 1285 3884 proteri

400 3912 540 3975 Nondum
561 3913 699 3987 desierat,
723 3930 790 3976 cum
814 3913 924 3976 lemine
945 3922 1048 3976 sancta
1071 3914 1160 3978 citato

351 4037 385 4092 25
401 4022 448 4085 lle
468 4030 593 4102 propter
613 4023 694 4086 venit
715 4041 829 4102 gressu,
853 4032 886 4085 ut
907 4023 1076 4092 demitteret
1096 4022 1177 4088 illam

403 4131 574 4196 Confusam.
616 4133 745 4206 Andaee,
770 4151 789 4194 o
808 4133 939 4207 dudeco,
962 4151 1056 4214 ecqua
1077 4132 1156 4196 ista?
1178 4133 1271 4196 leroci

403 4241 555 4306 Clamabat
575 4243 665 4317 vultu,
688 4243 775 4324 isque
796 4243 905 4318 aderat,
921 4244 980 4323 Aqui
1001 4244 1057 4306 lixa
1079 4244 1199 4306 tenebat
1262 4253 1265 4288 ²

403 4350 526 4413 Lumina
548 4353 579 4414 in
601 4353 722 4416 alterius
744 4353 866 4428 nulnum
889 4371 966 4435 quae
986 4353 1127 4418 incedere
1147 4353 1294 4433 lartrrcsta¹

402 4460 471 4523 Visa
492 4459 566 4526 erat
608 4463 690 4526 llaec
711 4462 791 4526 illam
813 4462 1038 4543 comprendere,
1060 4463 1199 4528 scindere
1221 4469 1342 4545 apertae
