<?xml version="1.0" encoding="UTF-8"?>
<!DOCTYPE html PUBLIC "-//W3C//DTD XHTML 1.0 Transitional//EN"
    "http://www.w3.org/TR/xhtml1/DTD/xhtml1-transitional.dtd">
<html xmlns="http://www.w3.org/1999/xhtml" xml:lang="en" lang="en">
 <head>
  <title>
</title>
<meta http-equiv="Content-Type" content="text/html;charset=utf-8" />
  <meta name='ocr-system' content='tesseract 3.04.00' />
  <meta name='ocr-capabilities' content='ocr_page ocr_carea ocr_par ocr_line ocrx_word'/>
</head>
<body>
  <div class='ocr_page' id='page_1' title='image "./divinacomoedia01piazgoog_0372.png"; bbox 0 0 3282 5404; ppageno 0'>
   <div class='ocr_carea' id='block_1_1' title="bbox 654 527 859 580">
    <p class='ocr_par' dir='ltr' id='par_1_1' title="bbox 654 527 859 580">
     <span class='ocr_line' id='line_1_1' title="bbox 654 527 859 580; baseline 0.015 -3"><span class='ocrx_word' id='word_1_1' title='bbox 654 527 790 580; x_wconf 75' lang='lat' dir='ltr'>rtntntm</span> <span class='ocrx_word' id='word_1_2' title='bbox 807 531 859 580; x_wconf 74' lang='lat' dir='ltr'>Xll.</span> 
     </span>
    </p>
   </div>
   <div class='ocr_carea' id='block_1_2' title="bbox 198 744 1242 4563">
    <p class='ocr_par' dir='ltr' id='par_1_2' title="bbox 198 744 1242 4563">
     <span class='ocr_line' id='line_1_2' title="bbox 198 744 1027 826; baseline 0.001 -16"><span class='ocrx_word' id='word_1_3' title='bbox 198 755 234 810; x_wconf 75' lang='lat'>25</span> <span class='ocrx_word' id='word_1_4' title='bbox 251 745 346 826; x_wconf 85' lang='lat' dir='ltr'>llupla</span> <span class='ocrx_word' id='word_1_5' title='bbox 368 744 447 808; x_wconf 90' lang='lat' dir='ltr'>oculi</span> <span class='ocrx_word' id='word_1_6' title='bbox 470 753 568 808; x_wconf 86' lang='lat' dir='ltr'>utatur</span> <span class='ocrx_word' id='word_1_7' title='bbox 587 745 700 822; x_wconf 80' lang='lat' dir='ltr'>virtus3</span> <span class='ocrx_word' id='word_1_8' title='bbox 722 765 758 808; x_wconf 84' lang='lat' dir='ltr'>ex</span> <span class='ocrx_word' id='word_1_9' title='bbox 780 747 871 810; x_wconf 89' lang='lat' dir='ltr'>corde</span> <span class='ocrx_word' id='word_1_10' title='bbox 892 747 1027 812; x_wconf 78' lang='lat' dir='ltr'>novettae</span> 
     </span>
     <span class='ocr_line' id='line_1_3' title="bbox 250 856 1081 936; baseline 0.005 -19"><span class='ocrx_word' id='word_1_11' title='bbox 250 856 341 918; x_wconf 83' lang='lat' dir='ltr'>Lucis</span> <span class='ocrx_word' id='word_1_12' title='bbox 363 874 420 918; x_wconf 83' lang='lat' dir='ltr'>vox</span> <span class='ocrx_word' id='word_1_13' title='bbox 440 856 530 930; x_wconf 79' lang='lat' dir='ltr'>venit.</span> <span class='ocrx_word' id='word_1_14' title='bbox 554 873 629 936; x_wconf 85' lang='lat' dir='ltr'>quae</span> <span class='ocrx_word' id='word_1_15' title='bbox 650 873 699 918; x_wconf 91' lang='lat' dir='ltr'>me</span> <span class='ocrx_word' id='word_1_16' title='bbox 720 864 835 936; x_wconf 81' lang='lat' dir='ltr'>partem</span> <span class='ocrx_word' id='word_1_17' title='bbox 857 856 970 936; x_wconf 84' lang='lat' dir='ltr'>egitir</span> <span class='ocrx_word' id='word_1_18' title='bbox 991 858 1081 934; x_wconf 87' lang='lat' dir='ltr'>illurn,</span> 
     </span>
     <span class='ocr_line' id='line_1_4' title="bbox 252 964 1136 1046; baseline 0.005 -18"><span class='ocrx_word' id='word_1_19' title='bbox 252 965 336 1028; x_wconf 82' lang='lat' dir='ltr'>Unde</span> <span class='ocrx_word' id='word_1_20' title='bbox 359 973 430 1039; x_wconf 88' lang='lat' dir='ltr'>eret,</span> <span class='ocrx_word' id='word_1_21' title='bbox 453 965 547 1028; x_wconf 83' lang='lat' dir='ltr'>instar</span> <span class='ocrx_word' id='word_1_22' title='bbox 567 983 640 1028; x_wconf 83' lang='lat' dir='ltr'>rcus</span> <span class='ocrx_word' id='word_1_23' title='bbox 661 964 778 1028; x_wconf 88' lang='lat' dir='ltr'>stellam</span> <span class='ocrx_word' id='word_1_24' title='bbox 800 968 984 1046; x_wconf 81' lang='lat' dir='ltr'>spectantis;</span> <span class='ocrx_word' id='word_1_25' title='bbox 1005 976 1035 1030; x_wconf 93' lang='lat' dir='ltr'>et</span> <span class='ocrx_word' id='word_1_26' title='bbox 1055 969 1136 1032; x_wconf 84' lang='lat' dir='ltr'>iniit:</span> 
     </span>
     <span class='ocr_line' id='line_1_5' title="bbox 251 1074 1101 1149; baseline 0.006 -13"><span class='ocrx_word' id='word_1_27' title='bbox 251 1075 306 1138; x_wconf 92' lang='lat' dir='ltr'>llle</span> <span class='ocrx_word' id='word_1_28' title='bbox 326 1092 419 1148; x_wconf 76' lang='lat' dir='ltr'>emor,</span> <span class='ocrx_word' id='word_1_29' title='bbox 442 1075 522 1138; x_wconf 89' lang='lat' dir='ltr'>unde</span> <span class='ocrx_word' id='word_1_30' title='bbox 543 1074 618 1136; x_wconf 87' lang='lat' dir='ltr'>mihi</span> <span class='ocrx_word' id='word_1_31' title='bbox 638 1074 731 1137; x_wconf 80' lang='lat' dir='ltr'>decus</span> <span class='ocrx_word' id='word_1_32' title='bbox 752 1085 807 1149; x_wconf 73' lang='lat' dir='ltr'>est,</span> <span class='ocrx_word' id='word_1_33' title='bbox 830 1077 1001 1140; x_wconf 82' lang='lat' dir='ltr'>mediocre</span> <span class='ocrx_word' id='word_1_34' title='bbox 1023 1078 1101 1141; x_wconf 81' lang='lat' dir='ltr'>lacta</span> 
     </span>
     <span class='ocr_line' id='line_1_6' title="bbox 251 1183 1059 1265; baseline 0.004 -18"><span class='ocrx_word' id='word_1_35' title='bbox 251 1185 379 1248; x_wconf 79' lang='lat' dir='ltr'>Alterius</span> <span class='ocrx_word' id='word_1_36' title='bbox 402 1184 487 1246; x_wconf 92' lang='lat' dir='ltr'>ducis</span> <span class='ocrx_word' id='word_1_37' title='bbox 507 1183 654 1258; x_wconf 77' lang='lat' dir='ltr'>honrem,</span> <span class='ocrx_word' id='word_1_38' title='bbox 676 1203 765 1265; x_wconf 88' lang='lat' dir='ltr'>quem</span> <span class='ocrx_word' id='word_1_39' title='bbox 786 1193 911 1265; x_wconf 83' lang='lat' dir='ltr'>propter</span> <span class='ocrx_word' id='word_1_40' title='bbox 931 1187 1059 1250; x_wconf 87' lang='lat' dir='ltr'>eundem</span> 
     </span>
     <span class='ocr_line' id='line_1_7' title="bbox 200 1293 1124 1374; baseline -0.001 -12"><span class='ocrx_word' id='word_1_41' title='bbox 200 1309 236 1362; x_wconf 79' lang='lat' dir='ltr'>to</span> <span class='ocrx_word' id='word_1_42' title='bbox 252 1294 315 1358; x_wconf 85' lang='lat' dir='ltr'>lloo</span> <span class='ocrx_word' id='word_1_43' title='bbox 336 1302 417 1357; x_wconf 88' lang='lat' dir='ltr'>tanta</span> <span class='ocrx_word' id='word_1_44' title='bbox 438 1301 487 1356; x_wconf 89' lang='lat' dir='ltr'>est</span> <span class='ocrx_word' id='word_1_45' title='bbox 507 1294 538 1356; x_wconf 88' lang='lat' dir='ltr'>iu</span> <span class='ocrx_word' id='word_1_46' title='bbox 560 1293 647 1360; x_wconf 83' lang='lat' dir='ltr'>lande</span> <span class='ocrx_word' id='word_1_47' title='bbox 667 1313 763 1356; x_wconf 87' lang='lat' dir='ltr'>meus.</span> <span class='ocrx_word' id='word_1_48' title='bbox 804 1295 866 1358; x_wconf 84' lang='lat' dir='ltr'>Res</span> <span class='ocrx_word' id='word_1_49' title='bbox 887 1294 976 1374; x_wconf 87' lang='lat' dir='ltr'>digua</span> <span class='ocrx_word' id='word_1_50' title='bbox 997 1295 1124 1373; x_wconf 83' lang='lat' dir='ltr'>ridetur,</span> 
     </span>
     <span class='ocr_line' id='line_1_8' title="bbox 252 1403 1227 1487; baseline 0.002 -19"><span class='ocrx_word' id='word_1_51' title='bbox 252 1405 298 1478; x_wconf 88' lang='lat' dir='ltr'>Ut,</span> <span class='ocrx_word' id='word_1_52' title='bbox 321 1423 410 1484; x_wconf 82' lang='lat' dir='ltr'>quem</span> <span class='ocrx_word' id='word_1_53' title='bbox 432 1421 509 1465; x_wconf 90' lang='lat' dir='ltr'>uuus</span> <span class='ocrx_word' id='word_1_54' title='bbox 530 1403 626 1466; x_wconf 89' lang='lat' dir='ltr'>tenuit</span> <span class='ocrx_word' id='word_1_55' title='bbox 646 1404 760 1476; x_wconf 90' lang='lat' dir='ltr'>sedem,</span> <span class='ocrx_word' id='word_1_56' title='bbox 782 1404 860 1466; x_wconf 84' lang='lat' dir='ltr'>liano</span> <span class='ocrx_word' id='word_1_57' title='bbox 881 1405 970 1467; x_wconf 89' lang='lat' dir='ltr'>simul</span> <span class='ocrx_word' id='word_1_58' title='bbox 991 1416 1118 1487; x_wconf 84' lang='lat' dir='ltr'>occupet</span> <span class='ocrx_word' id='word_1_59' title='bbox 1139 1408 1227 1486; x_wconf 71' lang='lat' dir='ltr'>alterq</span> 
     </span>
     <span class='ocr_line' id='line_1_9' title="bbox 252 1513 971 1593; baseline 0.003 -17"><span class='ocrx_word' id='word_1_60' title='bbox 252 1514 349 1593; x_wconf 88' lang='lat' dir='ltr'>thue</span> <span class='ocrx_word' id='word_1_61' title='bbox 366 1513 402 1575; x_wconf 82' lang='lat' dir='ltr'>ni</span> <span class='ocrx_word' id='word_1_62' title='bbox 422 1513 545 1575; x_wconf 87' lang='lat' dir='ltr'>militiae</span> <span class='ocrx_word' id='word_1_63' title='bbox 565 1513 679 1592; x_wconf 85' lang='lat' dir='ltr'>pariter</span> <span class='ocrx_word' id='word_1_64' title='bbox 700 1513 820 1576; x_wconf 83' lang='lat' dir='ltr'>subiere</span> <span class='ocrx_word' id='word_1_65' title='bbox 842 1514 971 1589; x_wconf 76' lang='lat' dir='ltr'>labores,</span> 
     </span>
     <span class='ocr_line' id='line_1_10' title="bbox 254 1623 1013 1704; baseline 0 -16"><span class='ocrx_word' id='word_1_66' title='bbox 254 1623 306 1688; x_wconf 90' lang='lat' dir='ltr'>Sic</span> <span class='ocrx_word' id='word_1_67' title='bbox 326 1624 374 1686; x_wconf 86' lang='lat' dir='ltr'>his</span> <span class='ocrx_word' id='word_1_68' title='bbox 397 1623 550 1703; x_wconf 85' lang='lat' dir='ltr'>aequelem</span> <span class='ocrx_word' id='word_1_69' title='bbox 573 1623 765 1704; x_wconf 75' lang='lat' dir='ltr'><strong>splendorem</strong></span> <span class='ocrx_word' id='word_1_70' title='bbox 786 1623 877 1702; x_wconf 77' lang='lat' dir='ltr'>gloria</span> <span class='ocrx_word' id='word_1_71' title='bbox 901 1625 1013 1688; x_wconf 81' lang='lat' dir='ltr'>tundat.</span> 
     </span>
     <span class='ocr_line' id='line_1_11' title="bbox 254 1731 1137 1811; baseline 0.005 -16"><span class='ocrx_word' id='word_1_72' title='bbox 254 1733 351 1808; x_wconf 81' lang='lat' dir='ltr'>Quem</span> <span class='ocrx_word' id='word_1_73' title='bbox 370 1731 446 1795; x_wconf 86' lang='lat' dir='ltr'>tenti</span> <span class='ocrx_word' id='word_1_74' title='bbox 466 1734 564 1794; x_wconf 84' lang='lat' dir='ltr'>luerat</span> <span class='ocrx_word' id='word_1_75' title='bbox 586 1732 704 1795; x_wconf 86' lang='lat' dir='ltr'>Christo</span> <span class='ocrx_word' id='word_1_76' title='bbox 726 1749 846 1794; x_wconf 90' lang='lat' dir='ltr'>rursum</span> <span class='ocrx_word' id='word_1_77' title='bbox 867 1734 1016 1798; x_wconf 87' lang='lat' dir='ltr'>iustruere</span> <span class='ocrx_word' id='word_1_78' title='bbox 1036 1737 1137 1811; x_wconf 84' lang='lat' dir='ltr'>armis,</span> 
     </span>
     <span class='ocr_line' id='line_1_12' title="bbox 201 1842 1093 1922; baseline 0.003 -17"><span class='ocrx_word' id='word_1_79' title='bbox 201 1851 235 1905; x_wconf 81' lang='lat' dir='ltr'>tt</span> <span class='ocrx_word' id='word_1_80' title='bbox 252 1843 351 1906; x_wconf 82' lang='lat' dir='ltr'>Lects</span> <span class='ocrx_word' id='word_1_81' title='bbox 364 1842 446 1906; x_wconf 81' lang='lat' dir='ltr'>ecies</span> <span class='ocrx_word' id='word_1_82' title='bbox 468 1859 590 1920; x_wconf 73' lang='lat' dir='ltr'>gressum</span> <span class='ocrx_word' id='word_1_83' title='bbox 612 1852 683 1922; x_wconf 90' lang='lat' dir='ltr'>post</span> <span class='ocrx_word' id='word_1_84' title='bbox 705 1843 822 1920; x_wconf 88' lang='lat' dir='ltr'>signum</span> <span class='ocrx_word' id='word_1_85' title='bbox 843 1844 926 1906; x_wconf 77' lang='lat' dir='ltr'>tarda</span> <span class='ocrx_word' id='word_1_86' title='bbox 947 1845 1093 1921; x_wconf 79' lang='lat' dir='ltr'>movebat,</span> 
     </span>
     <span class='ocr_line' id='line_1_13' title="bbox 251 1951 1242 2036; baseline 0.006 -21"><span class='ocrx_word' id='word_1_87' title='bbox 251 1953 387 2033; x_wconf 85' lang='lat' dir='ltr'>llaroque</span> <span class='ocrx_word' id='word_1_88' title='bbox 409 1961 440 2016; x_wconf 86' lang='lat' dir='ltr'>et</span> <span class='ocrx_word' id='word_1_89' title='bbox 460 1951 650 2015; x_wconf 73' lang='lat' dir='ltr'><strong>addubitans.</strong></span> <span class='ocrx_word' id='word_1_90' title='bbox 694 1952 769 2014; x_wconf 84' lang='lat' dir='ltr'>Cum</span> <span class='ocrx_word' id='word_1_91' title='bbox 790 1952 861 2027; x_wconf 80' lang='lat' dir='ltr'>Rex,</span> <span class='ocrx_word' id='word_1_92' title='bbox 884 1953 935 2034; x_wconf 88' lang='lat' dir='ltr'>qui</span> <span class='ocrx_word' id='word_1_93' title='bbox 958 1963 1078 2036; x_wconf 82' lang='lat' dir='ltr'>tempus</span> <span class='ocrx_word' id='word_1_94' title='bbox 1099 1956 1130 2019; x_wconf 88' lang='lat' dir='ltr'>iu</span> <span class='ocrx_word' id='word_1_95' title='bbox 1152 1976 1242 2023; x_wconf 87' lang='lat' dir='ltr'>omne</span> 
     </span>
     <span class='ocr_line' id='line_1_14' title="bbox 252 2061 982 2142; baseline 0.001 -18"><span class='ocrx_word' id='word_1_96' title='bbox 252 2063 375 2142; x_wconf 77' lang='lat' dir='ltr'><strong>Regnat,</strong></span> <span class='ocrx_word' id='word_1_97' title='bbox 398 2062 520 2124; x_wconf 91' lang='lat' dir='ltr'>militiae</span> <span class='ocrx_word' id='word_1_98' title='bbox 541 2061 677 2141; x_wconf 77' lang='lat' dir='ltr'>trepidae</span> <span class='ocrx_word' id='word_1_99' title='bbox 699 2061 849 2142; x_wconf 74' lang='lat' dir='ltr'>similique</span> <span class='ocrx_word' id='word_1_100' title='bbox 869 2063 982 2125; x_wconf 76' lang='lat' dir='ltr'>labanti</span> 
     </span>
     <span class='ocr_line' id='line_1_15' title="bbox 254 2171 1165 2253; baseline 0.002 -17"><span class='ocrx_word' id='word_1_101' title='bbox 254 2172 429 2236; x_wconf 89' lang='lat' dir='ltr'>Consultum</span> <span class='ocrx_word' id='word_1_102' title='bbox 449 2171 549 2246; x_wconf 78' lang='lat' dir='ltr'>voluit,</span> <span class='ocrx_word' id='word_1_103' title='bbox 572 2189 633 2232; x_wconf 90' lang='lat' dir='ltr'>non</span> <span class='ocrx_word' id='word_1_104' title='bbox 656 2171 737 2252; x_wconf 90' lang='lat' dir='ltr'>quod</span> <span class='ocrx_word' id='word_1_105' title='bbox 758 2171 921 2252; x_wconf 75' lang='lat' dir='ltr'>quidquam</span> <span class='ocrx_word' id='word_1_106' title='bbox 942 2173 1007 2253; x_wconf 84' lang='lat' dir='ltr'>ipsa</span> <span class='ocrx_word' id='word_1_107' title='bbox 1027 2181 1165 2252; x_wconf 83' lang='lat' dir='ltr'>mereret</span> 
     </span>
     <span class='ocr_line' id='line_1_16' title="bbox 253 2281 1109 2362; baseline 0.002 -18"><span class='ocrx_word' id='word_1_108' title='bbox 253 2282 313 2344; x_wconf 85' lang='lat' dir='ltr'>Sed</span> <span class='ocrx_word' id='word_1_109' title='bbox 332 2282 423 2359; x_wconf 88' lang='lat' dir='ltr'>gratis</span> <span class='ocrx_word' id='word_1_110' title='bbox 444 2289 574 2358; x_wconf 81' lang='lat' dir='ltr'>tantum3</span> <span class='ocrx_word' id='word_1_111' title='bbox 596 2288 694 2361; x_wconf 86' lang='lat' dir='ltr'>atque,</span> <span class='ocrx_word' id='word_1_112' title='bbox 717 2291 751 2343; x_wconf 91' lang='lat' dir='ltr'>ut</span> <span class='ocrx_word' id='word_1_113' title='bbox 770 2282 859 2362; x_wconf 84' lang='lat' dir='ltr'>paulo</span> <span class='ocrx_word' id='word_1_114' title='bbox 881 2281 1010 2347; x_wconf 76' lang='lat' dir='ltr'>diximus</span> <span class='ocrx_word' id='word_1_115' title='bbox 1031 2291 1109 2359; x_wconf 66' lang='lat' dir='ltr'>aun,</span> 
     </span>
     <span class='ocr_line' id='line_1_17' title="bbox 201 2391 992 2472; baseline -0.003 -16"><span class='ocrx_word' id='word_1_116' title='bbox 201 2402 236 2456; x_wconf 81' lang='lat' dir='ltr'>to</span> <span class='ocrx_word' id='word_1_117' title='bbox 252 2391 367 2455; x_wconf 86' lang='lat' dir='ltr'>Heroas</span> <span class='ocrx_word' id='word_1_118' title='bbox 388 2393 523 2471; x_wconf 88' lang='lat' dir='ltr'>geminos</span> <span class='ocrx_word' id='word_1_119' title='bbox 541 2391 633 2472; x_wconf 82' lang='lat' dir='ltr'>jussit</span> <span class='ocrx_word' id='word_1_120' title='bbox 654 2411 829 2454; x_wconf 75' lang='lat' dir='ltr'>succurrere</span> <span class='ocrx_word' id='word_1_121' title='bbox 852 2409 992 2472; x_wconf 82' lang='lat' dir='ltr'>sponsae,</span> 
     </span>
     <span class='ocr_line' id='line_1_18' title="bbox 253 2500 1171 2583; baseline 0.007 -19"><span class='ocrx_word' id='word_1_122' title='bbox 253 2502 388 2576; x_wconf 82' lang='lat' dir='ltr'>Quonim</span> <span class='ocrx_word' id='word_1_123' title='bbox 409 2511 484 2575; x_wconf 85' lang='lat' dir='ltr'>octa,</span> <span class='ocrx_word' id='word_1_124' title='bbox 506 2519 542 2563; x_wconf 90' lang='lat' dir='ltr'>ac</span> <span class='ocrx_word' id='word_1_125' title='bbox 561 2519 652 2563; x_wconf 82' lang='lat' dir='ltr'>voces</span> <span class='ocrx_word' id='word_1_126' title='bbox 673 2500 818 2582; x_wconf 86' lang='lat' dir='ltr'>populum</span> <span class='ocrx_word' id='word_1_127' title='bbox 834 2501 908 2566; x_wconf 86' lang='lat' dir='ltr'>siue</span> <span class='ocrx_word' id='word_1_128' title='bbox 929 2521 1014 2566; x_wconf 89' lang='lat' dir='ltr'>more</span> <span class='ocrx_word' id='word_1_129' title='bbox 1035 2513 1171 2583; x_wconf 78' lang='lat' dir='ltr'>vagrntm</span> 
     </span>
     <span class='ocr_line' id='line_1_19' title="bbox 251 2611 1045 2692; baseline 0.004 -19"><span class='ocrx_word' id='word_1_130' title='bbox 251 2613 395 2676; x_wconf 75' lang='lat' dir='ltr'>veracem</span> <span class='ocrx_word' id='word_1_131' title='bbox 415 2612 544 2674; x_wconf 89' lang='lat' dir='ltr'>docuere</span> <span class='ocrx_word' id='word_1_132' title='bbox 564 2611 652 2687; x_wconf 82' lang='lat' dir='ltr'>riam,</span> <span class='ocrx_word' id='word_1_133' title='bbox 673 2619 763 2692; x_wconf 77' lang='lat' dir='ltr'>otqrm</span> <span class='ocrx_word' id='word_1_134' title='bbox 784 2612 816 2673; x_wconf 86' lang='lat' dir='ltr'>iu</span> <span class='ocrx_word' id='word_1_135' title='bbox 838 2611 914 2675; x_wconf 84' lang='lat' dir='ltr'>calle</span> <span class='ocrx_word' id='word_1_136' title='bbox 935 2620 1045 2676; x_wconf 76' lang='lat' dir='ltr'>stetere</span> 
     </span>
     <span class='ocr_line' id='line_1_20' title="bbox 251 2721 1073 2802; baseline 0.002 -18"><span class='ocrx_word' id='word_1_137' title='bbox 251 2723 354 2785; x_wconf 81' lang='lat' dir='ltr'>liceto.</span> <span class='ocrx_word' id='word_1_138' title='bbox 399 2722 464 2796; x_wconf 82' lang='lat' dir='ltr'>Qua</span> <span class='ocrx_word' id='word_1_139' title='bbox 485 2730 616 2784; x_wconf 88' lang='lat' dir='ltr'>reserata</span> <span class='ocrx_word' id='word_1_140' title='bbox 636 2721 717 2784; x_wconf 82' lang='lat' dir='ltr'>venit</span> <span class='ocrx_word' id='word_1_141' title='bbox 737 2721 847 2802; x_wconf 84' lang='lat' dir='ltr'>placidi</span> <span class='ocrx_word' id='word_1_142' title='bbox 868 2741 941 2785; x_wconf 84' lang='lat' dir='ltr'>eura</span> <span class='ocrx_word' id='word_1_143' title='bbox 961 2724 1073 2786; x_wconf 79' lang='lat' dir='ltr'>Faroul</span> 
     </span>
     <span class='ocr_line' id='line_1_21' title="bbox 251 2832 1063 2913; baseline 0.002 -18"><span class='ocrx_word' id='word_1_144' title='bbox 251 2833 363 2896; x_wconf 89' lang='lat' dir='ltr'>Blanda</span> <span class='ocrx_word' id='word_1_145' title='bbox 385 2832 501 2912; x_wconf 87' lang='lat' dir='ltr'>aperire</span> <span class='ocrx_word' id='word_1_146' title='bbox 523 2850 615 2894; x_wconf 83' lang='lat' dir='ltr'>novas</span> <span class='ocrx_word' id='word_1_147' title='bbox 637 2832 771 2907; x_wconf 79' lang='lat' dir='ltr'>frondes,</span> <span class='ocrx_word' id='word_1_148' title='bbox 791 2832 939 2913; x_wconf 81' lang='lat' dir='ltr'>viridique</span> <span class='ocrx_word' id='word_1_149' title='bbox 961 2833 1063 2897; x_wconf 89' lang='lat' dir='ltr'>colore</span> 
     </span>
     <span class='ocr_line' id='line_1_22' title="bbox 202 2941 1216 3046; baseline 0 -38"><span class='ocrx_word' id='word_1_150' title='bbox 202 2953 236 3008; x_wconf 80' lang='lat'>45</span> <span class='ocrx_word' id='word_1_151' title='bbox 251 2943 380 3006; x_wconf 89' lang='lat' dir='ltr'>Induere</span> <span class='ocrx_word' id='word_1_152' title='bbox 400 2942 551 3022; x_wconf 84' lang='lat' dir='ltr'>Europam</span> <span class='ocrx_word' id='word_1_153' title='bbox 571 2957 700 3015; x_wconf 85' lang='lat' dir='ltr'>rursum,</span> <span class='ocrx_word' id='word_1_154' title='bbox 721 2941 801 3004; x_wconf 85' lang='lat' dir='ltr'>haud</span> <span class='ocrx_word' id='word_1_155' title='bbox 822 2941 930 3022; x_wconf 89' lang='lat' dir='ltr'>procul</span> <span class='ocrx_word' id='word_1_156' title='bbox 951 2944 1092 3023; x_wconf 86' lang='lat' dir='ltr'>aequoris</span> <span class='ocrx_word' id='word_1_157' title='bbox 1112 2945 1216 3046; x_wconf 48' lang='lat' dir='ltr'>undas,</span> 
     </span>
     <span class='ocr_line' id='line_1_23' title="bbox 253 3051 1001 3133; baseline 0.001 -18"><span class='ocrx_word' id='word_1_158' title='bbox 253 3053 412 3115; x_wconf 88' lang='lat' dir='ltr'>Pulsantes</span> <span class='ocrx_word' id='word_1_159' title='bbox 433 3051 526 3127; x_wconf 85' lang='lat' dir='ltr'>littus,</span> <span class='ocrx_word' id='word_1_160' title='bbox 549 3060 619 3133; x_wconf 81' lang='lat' dir='ltr'>post</span> <span class='ocrx_word' id='word_1_161' title='bbox 640 3069 714 3131; x_wconf 87' lang='lat' dir='ltr'>quas</span> <span class='ocrx_word' id='word_1_162' title='bbox 736 3053 792 3126; x_wconf 91' lang='lat' dir='ltr'>sol,</span> <span class='ocrx_word' id='word_1_163' title='bbox 814 3051 933 3129; x_wconf 87' lang='lat' dir='ltr'>longius</span> <span class='ocrx_word' id='word_1_164' title='bbox 955 3053 1001 3116; x_wconf 88' lang='lat' dir='ltr'>irc</span> 
     </span>
     <span class='ocr_line' id='line_1_24' title="bbox 252 3139 1053 3242; baseline -0.002 -16"><span class='ocrx_word' id='word_1_165' title='bbox 252 3165 370 3238; x_wconf 84' lang='lat' dir='ltr'>lussus,</span> <span class='ocrx_word' id='word_1_166' title='bbox 392 3179 484 3242; x_wconf 76' lang='lat' dir='ltr'>saepe</span> <span class='ocrx_word' id='word_1_167' title='bbox 504 3139 619 3224; x_wconf 78' lang='lat' dir='ltr'>homini</span> <span class='ocrx_word' id='word_1_168' title='bbox 642 3161 734 3224; x_wconf 78' lang='lat' dir='ltr'>cuivis</span> <span class='ocrx_word' id='word_1_169' title='bbox 754 3179 810 3223; x_wconf 86' lang='lat' dir='ltr'>sua</span> <span class='ocrx_word' id='word_1_170' title='bbox 831 3161 944 3223; x_wconf 81' lang='lat' dir='ltr'>lumina</span> <span class='ocrx_word' id='word_1_171' title='bbox 967 3162 1053 3235; x_wconf 77' lang='lat' dir='ltr'>celet,</span> 
     </span>
     <span class='ocr_line' id='line_1_25' title="bbox 252 3269 980 3351; baseline -0.003 -17"><span class='ocrx_word' id='word_1_172' title='bbox 252 3273 413 3336; x_wconf 81' lang='lat' dir='ltr'>Fortunate</span> <span class='ocrx_word' id='word_1_173' title='bbox 434 3272 521 3335; x_wconf 88' lang='lat' dir='ltr'>sedet</span> <span class='ocrx_word' id='word_1_174' title='bbox 540 3269 696 3351; x_wconf 78' lang='lat' dir='ltr'>tangeris,</span> <span class='ocrx_word' id='word_1_175' title='bbox 718 3277 781 3333; x_wconf 84' lang='lat' dir='ltr'>tute</span> <span class='ocrx_word' id='word_1_176' title='bbox 801 3270 859 3334; x_wconf 84' lang='lat' dir='ltr'>sul)</span> <span class='ocrx_word' id='word_1_177' title='bbox 881 3270 980 3351; x_wconf 82' lang='lat' dir='ltr'>amplo</span> 
     </span>
     <span class='ocr_line' id='line_1_26' title="bbox 254 3380 1132 3460; baseline 0.001 -15"><span class='ocrx_word' id='word_1_178' title='bbox 254 3383 354 3458; x_wconf 88' lang='lat' dir='ltr'>Scuto,</span> <span class='ocrx_word' id='word_1_179' title='bbox 377 3381 428 3444; x_wconf 90' lang='lat' dir='ltr'>ubi</span> <span class='ocrx_word' id='word_1_180' title='bbox 451 3380 618 3444; x_wconf 86' lang='lat' dir='ltr'>succumbit</span> <span class='ocrx_word' id='word_1_181' title='bbox 636 3380 815 3460; x_wconf 83' lang='lat' dir='ltr'>simulatque</span> <span class='ocrx_word' id='word_1_182' title='bbox 837 3381 925 3443; x_wconf 90' lang='lat' dir='ltr'>simul</span> <span class='ocrx_word' id='word_1_183' title='bbox 947 3381 1009 3444; x_wconf 83' lang='lat' dir='ltr'>Leo</span> <span class='ocrx_word' id='word_1_184' title='bbox 1030 3383 1132 3447; x_wconf 87' lang='lat' dir='ltr'>vincit.</span> 
     </span>
     <span class='ocr_line' id='line_1_27' title="bbox 203 3489 994 3571; baseline -0.001 -17"><span class='ocrx_word' id='word_1_185' title='bbox 203 3499 237 3554; x_wconf 77' lang='lat'>5⁰</span> <span class='ocrx_word' id='word_1_186' title='bbox 254 3492 345 3555; x_wconf 83' lang='lat' dir='ltr'>Ortus</span> <span class='ocrx_word' id='word_1_187' title='bbox 367 3491 411 3554; x_wconf 89' lang='lat' dir='ltr'>ihi</span> <span class='ocrx_word' id='word_1_188' title='bbox 432 3498 488 3566; x_wconf 74' lang='lat' dir='ltr'>est,</span> <span class='ocrx_word' id='word_1_189' title='bbox 509 3507 597 3554; x_wconf 68' lang='lat' dir='ltr'>verne</span> <span class='ocrx_word' id='word_1_190' title='bbox 619 3491 671 3571; x_wconf 94' lang='lat' dir='ltr'>qui</span> <span class='ocrx_word' id='word_1_191' title='bbox 692 3489 858 3569; x_wconf 82' lang='lat' dir='ltr'>relligionis</span> <span class='ocrx_word' id='word_1_192' title='bbox 880 3500 994 3554; x_wconf 74' lang='lat' dir='ltr'>ametor</span> 
     </span>
     <span class='ocr_line' id='line_1_28' title="bbox 253 3601 1093 3683; baseline -0.001 -18"><span class='ocrx_word' id='word_1_193' title='bbox 253 3601 381 3677; x_wconf 82' lang='lat' dir='ltr'>Exstitit,</span> <span class='ocrx_word' id='word_1_194' title='bbox 403 3602 610 3681; x_wconf 85' lang='lat' dir='ltr'>humanusque</span> <span class='ocrx_word' id='word_1_195' title='bbox 632 3601 706 3676; x_wconf 86' lang='lat' dir='ltr'>suis,</span> <span class='ocrx_word' id='word_1_196' title='bbox 728 3608 816 3680; x_wconf 87' lang='lat' dir='ltr'>atque</span> <span class='ocrx_word' id='word_1_197' title='bbox 836 3601 974 3664; x_wconf 76' lang='lat' dir='ltr'>hostilius</span> <span class='ocrx_word' id='word_1_198' title='bbox 996 3621 1093 3683; x_wconf 81' lang='lat' dir='ltr'>ceper,</span> 
     </span>
     <span class='ocr_line' id='line_1_29' title="bbox 253 3709 1024 3790; baseline -0.001 -15"><span class='ocrx_word' id='word_1_199' title='bbox 253 3713 393 3775; x_wconf 85' lang='lat' dir='ltr'>Luctator</span> <span class='ocrx_word' id='word_1_200' title='bbox 414 3720 545 3781; x_wconf 83' lang='lat' dir='ltr'>sanctus,</span> <span class='ocrx_word' id='word_1_201' title='bbox 568 3711 617 3773; x_wconf 90' lang='lat' dir='ltr'>cui</span> <span class='ocrx_word' id='word_1_202' title='bbox 637 3728 732 3785; x_wconf 86' lang='lat' dir='ltr'>mens,</span> <span class='ocrx_word' id='word_1_203' title='bbox 754 3709 803 3772; x_wconf 85' lang='lat' dir='ltr'>vix</span> <span class='ocrx_word' id='word_1_204' title='bbox 824 3710 913 3785; x_wconf 88' lang='lat' dir='ltr'>edita,</span> <span class='ocrx_word' id='word_1_205' title='bbox 934 3711 1024 3790; x_wconf 82' lang='lat' dir='ltr'>plene</span> 
     </span>
     <span class='ocr_line' id='line_1_30' title="bbox 253 3820 974 3900; baseline -0.004 -14"><span class='ocrx_word' id='word_1_206' title='bbox 253 3823 305 3886; x_wconf 89' lang='lat' dir='ltr'>Sic</span> <span class='ocrx_word' id='word_1_207' title='bbox 325 3821 433 3885; x_wconf 86' lang='lat' dir='ltr'>virtute</span> <span class='ocrx_word' id='word_1_208' title='bbox 453 3821 606 3896; x_wconf 73' lang='lat' dir='ltr'>luitura,</span> <span class='ocrx_word' id='word_1_209' title='bbox 627 3828 661 3883; x_wconf 91' lang='lat' dir='ltr'>ut</span> <span class='ocrx_word' id='word_1_210' title='bbox 680 3820 833 3900; x_wconf 78' lang='lat' dir='ltr'>genitricis</span> <span class='ocrx_word' id='word_1_211' title='bbox 855 3821 886 3883; x_wconf 86' lang='lat' dir='ltr'>iu</span> <span class='ocrx_word' id='word_1_212' title='bbox 908 3820 974 3883; x_wconf 80' lang='lat' dir='ltr'>alvo</span> 
     </span>
     <span class='ocr_line' id='line_1_31' title="bbox 251 3931 1074 4011; baseline -0.001 -16"><span class='ocrx_word' id='word_1_213' title='bbox 251 3932 372 3996; x_wconf 84' lang='lat' dir='ltr'>Fecen&#39;t</span> <span class='ocrx_word' id='word_1_214' title='bbox 390 3931 469 3994; x_wconf 88' lang='lat' dir='ltr'>hanc</span> <span class='ocrx_word' id='word_1_215' title='bbox 487 3939 594 3994; x_wconf 84' lang='lat' dir='ltr'>vatem.</span> <span class='ocrx_word' id='word_1_216' title='bbox 636 3931 799 4011; x_wconf 84' lang='lat' dir='ltr'>Postquam</span> <span class='ocrx_word' id='word_1_217' title='bbox 820 3931 974 4010; x_wconf 75' lang='lat' dir='ltr'>sponsalis</span> <span class='ocrx_word' id='word_1_218' title='bbox 995 3933 1074 3994; x_wconf 84' lang='lat' dir='ltr'>sacri</span> 
     </span>
     <span class='ocr_line' id='line_1_32' title="bbox 203 4039 1102 4122; baseline 0 -17"><span class='ocrx_word' id='word_1_219' title='bbox 203 4050 236 4106; x_wconf 80' lang='lat'>55</span> <span class='ocrx_word' id='word_1_220' title='bbox 253 4043 381 4122; x_wconf 86' lang='lat' dir='ltr'>Propter</span> <span class='ocrx_word' id='word_1_221' title='bbox 401 4042 493 4103; x_wconf 84' lang='lat' dir='ltr'>tontis</span> <span class='ocrx_word' id='word_1_222' title='bbox 514 4059 608 4121; x_wconf 86' lang='lat' dir='ltr'>aquas</span> <span class='ocrx_word' id='word_1_223' title='bbox 629 4039 711 4102; x_wconf 85' lang='lat' dir='ltr'>huuc</span> <span class='ocrx_word' id='word_1_224' title='bbox 732 4040 921 4121; x_wconf 83' lang='lat' dir='ltr'>conjunxere,</span> <span class='ocrx_word' id='word_1_225' title='bbox 944 4040 1102 4122; x_wconf 85' lang='lat' dir='ltr'>fidemque,</span> 
     </span>
     <span class='ocr_line' id='line_1_33' title="bbox 252 4150 922 4227; baseline -0.003 -12"><span class='ocrx_word' id='word_1_226' title='bbox 252 4153 353 4215; x_wconf 85' lang='lat' dir='ltr'>llutus</span> <span class='ocrx_word' id='word_1_227' title='bbox 374 4151 426 4214; x_wconf 87' lang='lat' dir='ltr'>ubi</span> <span class='ocrx_word' id='word_1_228' title='bbox 446 4151 571 4214; x_wconf 87' lang='lat' dir='ltr'>alternis</span> <span class='ocrx_word' id='word_1_229' title='bbox 593 4169 628 4213; x_wconf 92' lang='lat' dir='ltr'>se</span> <span class='ocrx_word' id='word_1_230' title='bbox 647 4151 787 4213; x_wconf 81' lang='lat' dir='ltr'>deterere</span> <span class='ocrx_word' id='word_1_231' title='bbox 808 4150 922 4227; x_wconf 77' lang='lat' dir='ltr'>salute3</span> 
     </span>
     <span class='ocr_line' id='line_1_34' title="bbox 253 4260 1064 4343; baseline 0.001 -19"><span class='ocrx_word' id='word_1_232' title='bbox 253 4263 384 4337; x_wconf 81' lang='lat' dir='ltr'>Femina,</span> <span class='ocrx_word' id='word_1_233' title='bbox 408 4279 485 4343; x_wconf 72' lang='lat' dir='ltr'>quae</span> <span class='ocrx_word' id='word_1_234' title='bbox 505 4263 604 4325; x_wconf 77' lang='lat' dir='ltr'>lucret</span> <span class='ocrx_word' id='word_1_235' title='bbox 623 4277 679 4340; x_wconf 84' lang='lat' dir='ltr'>pro</span> <span class='ocrx_word' id='word_1_236' title='bbox 700 4261 758 4322; x_wconf 93' lang='lat' dir='ltr'>isto</span> <span class='ocrx_word' id='word_1_237' title='bbox 782 4260 932 4341; x_wconf 80' lang='lat' dir='ltr'>spondere</span> <span class='ocrx_word' id='word_1_238' title='bbox 952 4269 1064 4341; x_wconf 75' lang='lat' dir='ltr'>pereto,</span> 
     </span>
     <span class='ocr_line' id='line_1_35' title="bbox 251 4369 947 4450; baseline -0.003 -16"><span class='ocrx_word' id='word_1_239' title='bbox 251 4373 286 4436; x_wconf 93' lang='lat' dir='ltr'>ln</span> <span class='ocrx_word' id='word_1_240' title='bbox 308 4371 422 4434; x_wconf 90' lang='lat' dir='ltr'>somnis</span> <span class='ocrx_word' id='word_1_241' title='bbox 443 4370 517 4434; x_wconf 80' lang='lat' dir='ltr'>vidit</span> <span class='ocrx_word' id='word_1_242' title='bbox 538 4370 656 4450; x_wconf 83' lang='lat' dir='ltr'>signum</span> <span class='ocrx_word' id='word_1_243' title='bbox 676 4369 812 4432; x_wconf 80' lang='lat' dir='ltr'>mirabile</span> <span class='ocrx_word' id='word_1_244' title='bbox 833 4371 947 4433; x_wconf 88' lang='lat' dir='ltr'>lructus</span> 
     </span>
     <span class='ocr_line' id='line_1_36' title="bbox 251 4479 996 4563; baseline 0.001 -18"><span class='ocrx_word' id='word_1_245' title='bbox 251 4484 324 4546; x_wconf 87' lang='lat' dir='ltr'>lude</span> <span class='ocrx_word' id='word_1_246' title='bbox 345 4481 506 4560; x_wconf 76' lang='lat' dir='ltr'>egressuri,</span> <span class='ocrx_word' id='word_1_247' title='bbox 527 4481 667 4561; x_wconf 83' lang='lat' dir='ltr'>verisque</span> <span class='ocrx_word' id='word_1_248' title='bbox 686 4479 868 4544; x_wconf 74' lang='lat' dir='ltr'>homedibus</span> <span class='ocrx_word' id='word_1_249' title='bbox 889 4497 996 4563; x_wconf 86' lang='lat' dir='ltr'>oeque.</span> 
     </span>
    </p>
   </div>
   <div class='ocr_carea' id='block_1_3' title="bbox 0 0 1656 5404">
    <p class='ocr_par' dir='ltr' id='par_1_3' title="bbox 0 0 1656 5404">
     <span class='ocr_line' id='line_1_37' title="bbox 0 0 1656 5404; baseline 0 0"><span class='ocrx_word' id='word_1_250' title='bbox 0 0 1656 5404; x_wconf 95' lang='lat' dir='ltr'> </span> 
     </span>
    </p>
   </div>
  </div>
 </body>
</html>
