3236 5394
586 567 779 622 lalanucauu
797 570 863 620 xvu.

228 788 409 867 Porrexique
431 787 490 867 ipsi
512 787 600 850 nodia
622 803 728 852 nexum
750 788 841 868 inque
863 787 1014 868 plicatum.

163 899 210 953 105
228 899 262 958 ln
283 899 360 960 latus
381 898 408 958 is
429 898 563 958 dextrum
585 915 703 971 versus,
725 898 917 978 psallamque
939 900 1082 962 recedens

228 1009 251 1069 Α
273 1007 404 1088 sponda,
425 1008 504 1069 hunc
526 1007 658 1068 barathri
680 1007 801 1069 demisit
824 1007 854 1068 in
877 1008 935 1070 ime
956 1009 1106 1089 profundi.

228 1118 265 1179 Et
285 1134 417 1178 mecum:
439 1118 477 1178 At
497 1125 578 1178 certe
601 1133 675 1178 nova
698 1135 748 1180 rea
768 1118 910 1180 succedat
930 1127 1057 1198 oportet,

228 1227 383 1299 Dicebam,
407 1226 477 1290 huic
499 1234 588 1287 nutus
610 1226 748 1300 novitati,
771 1227 823 1288 ubi
845 1228 950 1308 ductor
971 1235 1098 1310 utroque

227 1338 319 1399 istum
342 1337 387 1398 sic
409 1336 495 1398 oculo
518 1337 663 1416 sequitur.
709 1337 804 1410 Quam
826 1346 924 1400 mente
947 1339 1046 1417 sagaci

164 1461 211 1511 alu
227 1447 280 1508 Est
301 1465 376 1525 opus
400 1456 430 1508 et
450 1454 536 1508 caute
558 1446 605 1507 his
629 1463 743 1519 ocrem,
768 1465 844 1527 quos
859 1463 927 1552 non
948 1448 1038 1510 modo
1060 1449 1146 1521 lecta,

226 1557 332 1618 lntima
356 1556 409 1618 scd
432 1556 531 1616 cordis
553 1564 673 1618 moneat
693 1557 849 1637 prudentia
871 1557 1030 1638 praesens!

268 1666 321 1728 lllc
344 1665 417 1727 mihi
440 1665 514 1726 dixit
522 1685 534 1736 ε,
553 1666 649 1739 Quam
671 1666 800 1746 primum
822 1665 903 1728 exire
923 1667 1050 1742 videbis,

229 1777 314 1851 Quod
338 1775 445 1856 cupide
467 1791 591 1850 mene03
614 1777 743 1856 ecquod
766 1793 845 1838 nunc
867 1787 916 1839 tue
938 1779 1054 1839 somnio
1077 1785 1204 1850 versam,

230 1886 490 1966 Quamprimum,
513 1895 547 1946 ut
567 1905 623 1966 par
645 1894 709 1960 est,
733 1887 813 1948 clero
836 1903 869 1948 se
890 1886 1003 1948 lumine
1024 1887 1140 1966 prodet.

166 2005 212 2058 llo
229 1997 314 2070 Quod
337 2015 438 2057 rerum
459 1995 527 2058 lclsi
549 1995 656 2058 faciem
678 1994 790 2069 induit,
813 2013 908 2076 usquo
931 1995 1087 2058 tacendum
1108 2005 1163 2070 est,

228 2107 302 2168 llum
323 2106 428 2178 liceat,
449 2101 578 2184 namque
600 2104 729 2168 insontis
751 2106 825 2184 tegit
845 2121 898 2166 ora
920 2106 1043 2186 pudore.

227 2217 387 2277 Atracem
409 2215 459 2275 hic
481 2231 597 2295 nequeo
618 2215 765 2286 retinere,
788 2223 934 2295 notasque
956 2215 1104 2296 perlatas

226 2326 315 2399 lure,
339 2343 412 2405 ques
434 2324 531 2386 doctis
554 2325 709 2388 comoedia
731 2333 833 2386 nostre
854 2324 1003 2405 propinat,

227 2435 278 2497 Sic
301 2455 335 2497 ca
358 2453 419 2497 non
440 2435 543 2497 redeat
563 2435 695 2496 diuturni
716 2451 790 2496 vana
812 2435 932 2507 lavans,

165 2550 211 2601 12⁰
227 2547 351 2617 Lector,
374 2563 421 2606 me
442 2545 490 2605 his
512 2544 608 2606 oculis
629 2544 740 2606 vidisse
761 2550 906 2624 peracre
928 2561 1062 2606 crassum

227 2657 264 2717 lit
286 2655 403 2733 nigrum
426 2653 566 2733 quiddam
587 2655 714 2716 monstri
736 2655 895 2716 emersisse
918 2655 1058 2728 arundo,

229 2733 358 2827 cuilibet
377 2764 558 2825 horrendum
580 2764 707 2842 gestanti
729 2767 826 2826 terrea
848 2765 955 2840 corda3

229 2875 266 2937 Ut
286 2875 365 2936 redit
385 2874 426 2948 is,
449 2874 560 2935 salsum
583 2875 633 2954 qui
656 2893 689 2936 se
711 2875 820 2956 dejecit
841 2875 872 2935 in
894 2892 1014 2955 aequor,

229 2985 337 3046 Navem
361 2991 550 3064 exempturus
572 2984 682 3044 ferrato
704 2983 792 3046 dente
814 2992 967 3059 retentam,

167 3095 288 3169 laconi
312 3093 482 3174 scopulum,
506 3101 555 3154 cut
577 3093 657 3156 aliud
678 3102 814 3173 prensat,
838 3094 917 3173 qrrcd
940 3095 1088 3158 clauditur
1107 3096 1206 3170 undis,
1321 3080 1344 3152 s

229 3206 340 3284 Atque,
365 3214 397 3265 ut
418 3215 591 3282 consurgat,
615 3223 648 3265 se
671 3203 804 3275 extendit
824 3213 908 3282 parte
929 3223 1068 3284 anaema,

230 3316 305 3377 Bum
326 3313 454 3395 pedibus
473 3312 574 3375 nitens
595 3312 728 3376 membra
750 3313 893 3374 interiora
914 3321 1055 3376 coarctat

685 3552 808 3656 'xvia
863 3507 869 3522 ⁸

270 3757 316 3817 En
338 3756 400 3816 lero
423 3755 532 3816 caudae
555 3754 618 3842 acie
640 3751 771 3833 pollens,
795 3770 870 3833 quae
891 3752 1052 3814 transfodit
1072 3753 1171 3834 Alpes,

229 3867 265 3927 Et
285 3863 399 3945 rumpit
418 3883 519 3926 muros
541 3871 629 3944 atque
648 3879 747 3936 arma3
770 3879 808 3924 en
829 3862 942 3936 bellua,
964 3861 1042 3925 tristl

231 3976 313 4048 Quae
336 3982 458 4038 cunctas
478 3974 582 4036 mundi
604 3982 699 4035 terrm
721 3975 843 4035 infestat
865 3971 971 4034 odoret
994 4008 1035 4017 -

228 4085 291 4146 ltux
313 4103 397 4146 meus
419 4084 467 4145 his
489 4084 556 4146 infit
575 4083 690 4156 remis,
713 4095 802 4163 atque
824 4082 928 4144 annuit
950 4082 1019 4164 ipsi,

198 4195 265 4257 lUt
286 4202 387 4256 teneat
407 4193 518 4274 ripam,
541 4194 652 4255 calcata
674 4192 724 4254 ubi
745 4210 894 4255 marmore
916 4193 985 4256 linis

228 4305 359 4366 Limitat.
403 4305 576 4366 lltaautem
597 4303 771 4365 loadiasinee
794 4303 906 4364 fraudis
929 4303 1025 4382 imago

228 4414 364 4486 Adstitit,
389 4422 477 4494 atquc
499 4424 589 4493 caput
608 4423 805 4492 uuncumque
825 4411 958 4480 admovit
976 4431 1102 4489 arenae3

229 4524 288 4585 Sed
310 4539 370 4585 non
390 4523 520 4585 extraxit
540 4523 664 4584 sinuosa
685 4521 835 4583 volumina
857 4523 979 4585 caudae.
