3214 5400
12 511 17 520 '
99 483 257 674 Γ
542 595 547 608 ,
588 538 768 588 runcsroau
783 539 845 589 utri.
1214 541 1274 604 155

213 756 277 818 llus
298 757 348 850 ait,
370 755 526 820 invidiam,
565 755 643 818 Hinc
663 755 786 846 lerulae,
810 775 867 836 qua
890 757 1022 822 caeditur
1043 758 1156 834 umbra,

164 874 196 928 ³5
214 867 317 928 Traxit
338 885 423 928 amor
445 865 562 928 cordas.
607 866 701 928 Sonat
722 873 754 928 ut
776 867 922 929 contraria
943 868 1070 943 frenum,

213 976 267 1040 Est
288 995 376 1060 opus.
420 975 454 1038 ld
475 983 504 1038 te
526 974 696 1038 auditurum
717 994 787 1038 reor
808 995 885 1050 esse,
907 977 1081 1057 priusquam

213 1195 347 1270 Intende,
371 1203 400 1258 et
422 1215 527 1258 cernes
549 1195 666 1258 turbam
688 1213 744 1258 nos
767 1203 834 1258 ante
856 1195 1025 1271 sedentem

213 1306 346 1386 Namque
369 1304 465 1368 solum
487 1313 612 1387 propter
633 1304 793 1385 speluncae
815 1305 941 1384 quisque
961 1306 1084 1369 resedit

164 1414 1077 1495 mmmmmfflme

213 1525 251 1590 Et
271 1545 344 1607 prae
365 1544 413 1589 me
435 1525 609 1604 inspiciens,
633 1523 751 1586 indutas
774 1524 906 1587 vestibus
928 1525 1049 1588 umbras

213 1635 288 1709 Vidi,
311 1636 397 1716 queis
418 1636 514 1696 inerat
536 1635 598 1696 saxi
620 1632 712 1706 color,
736 1641 824 1714 atque
846 1634 896 1698 ubi
918 1634 1018 1715 paullo

213 1746 338 1810 Accessi
359 1745 496 1826 propius,
519 1743 608 1806 simul
628 1761 688 1807 una
709 1761 797 1806 voce:
820 1738 939 1806 Morio!

217 1837 360 1936 Oro'pro
381 1856 477 1928 nobis,
499 1853 607 1927 audivi,
630 1860 660 1914 et
680 1853 800 1916 nomine
821 1852 938 1928 blichel,

164 1965 392 2028 ceutronum
414 1972 502 2044 atque
524 1963 600 2026 alios
622 1961 707 2026 diros
729 1963 871 2043 divasque
892 1965 1009 2039 vocari3

213 2075 339 2138 Demum
361 2073 533 2154 compellari
555 2091 670 2136 omnes.
712 2072 797 2135 Haud
820 2081 953 2153 tempore
976 2083 1079 2138 nostro

213 2185 297 2248 llanc
317 2193 426 2247 miram
447 2201 605 2264 peragrare
626 2200 697 2244 reor
717 2191 776 2244 um
796 2191 918 2263 pectore
941 2184 1015 2247 duro

215 2295 410 2375 Quemquam,
433 2313 521 2376 quem
543 2292 639 2372 pietas
660 2291 740 2356 baud
761 2293 882 2356 vulnere
903 2294 1007 2371 figeret
1028 2296 1098 2370 acri,

213 2404 256 2479 Si,
279 2423 355 2484 quae
377 2403 446 2466 dein
462 2402 533 2476 ridi,
555 2401 732 2482 adspiceret.
765 2402 840 2464 Nam
857 2401 966 2466 ubisic
980 2413 1272 2484 properentumest,

163 2519 197 2572 5⁰
213 2515 250 2577 Ut
272 2522 370 2576 certos
391 2514 499 2576 borum
520 2531 643 2592 possem
665 2510 841 2590 dignoscere
861 2511 969 2588 vultus,

212 2625 251 2686 ldi
274 2624 369 2704 gravis
393 2623 524 2686 emunxit
545 2621 649 2684 oculos
671 2621 767 2684 dolor.
810 2623 872 2685 llos
895 2641 950 2703 ego
973 2623 1023 2686 vili

212 2735 337 2797 indutos
360 2733 477 2796 cilicum
498 2739 576 2794 texto
599 2749 665 2794 sum
687 2750 810 2822 cernere
834 2734 926 2808 visus,

212 2844 346 2906 Alterum
369 2851 399 2906 et
420 2843 541 2906 alterius
562 2841 695 2904 humeris
716 2843 856 2908 insistere
877 2844 992 2918 lrdtum,

212 2955 325 3035 lllaque
347 2953 488 3016 fulcimen
510 2952 585 3014 nixis
607 2951 696 3014 dabat
717 2953 855 3016 omuibus
879 2973 939 3016 cra.

163 3068 194 3122 55
212 3066 272 3139 Sic,
296 3083 371 3144 quos
392 3082 443 3126 res
465 3062 547 3136 fallit,
570 3081 666 3143 prope
686 3064 797 3143 templa
820 3064 986 3144 frequentia
1008 3065 1092 3128 coeci

213 3175 298 3236 Stant
320 3173 442 3246 oraturi,
467 3171 546 3252 quod
569 3189 718 3252 quemque
739 3173 874 3235 bortatur
896 3181 1023 3250 egestas.
1074 3219 1079 3227 .

211 3283 293 3346 Alter
314 3283 365 3345 ubi
388 3282 511 3346 alterius
534 3299 625 3360 supra
647 3290 734 3362 caput
756 3282 896 3346 inclinato

212 3394 276 3456 Stat
298 3394 403 3473 capite,
426 3400 460 3454 ut
481 3392 569 3454 citius
591 3391 687 3472 pietas
708 3391 883 3472 praecordia
904 3400 1014 3470 tangat,

211 3502 279 3568 Non
301 3503 391 3565 modo
413 3502 571 3565 verborum
593 3501 632 3564 ob
655 3501 793 3576 sonitum,
816 3510 845 3564 at
865 3501 1034 3565 miserabile
1056 3510 1178 3582 propter

162 3625 194 3676 60
212 3612 410 3693 Spectaolum,
434 3612 513 3693 quod
536 3629 597 3674 non
619 3629 707 3674 secus
729 3612 856 3692 adjuvat,
879 3619 966 3692 atque
987 3619 1144 3689 rogantum

212 3721 353 3802 Adspiret
373 3723 458 3786 votis.
501 3722 597 3801 Atque
620 3730 653 3784 ut
674 3722 727 3784 Sol
748 3721 859 3784 lumine
882 3728 983 3806 captos

211 3832 279 3894 Non
301 3833 369 3907 adit,
391 3831 470 3894 baud
491 3831 577 3894 aliter
598 3831 674 3894 coeli
695 3832 744 3896 lux
766 3832 891 3912 abnegat
915 3830 1029 3892 umbris

211 3944 245 4004 ln
267 3942 389 4019 regione
411 3924 469 4016 illa,
491 3961 558 4004 mea
579 3949 650 4004 tunc
671 3943 722 4006 ubi
745 3961 833 4004 sensa
855 3941 1007 4022 loquebar,

212 4053 286 4114 Sese
308 4053 420 4130 largiri.
462 4052 537 4114 Nam
558 4052 654 4114 terrea
675 4053 725 4113 fila
746 4053 877 4131 ligabant

161 4175 193 4228 65
210 4162 373 4242 Palpebras
395 4163 454 4224 illis
476 4171 565 4236 sutas,
590 4181 648 4241 quc
670 4181 754 4225 more
775 4163 869 4224 feroci

209 4271 352 4353 Accipitri
373 4291 524 4353 nunquam
546 4273 635 4335 docili
658 4291 777 4336 servare
799 4273 941 4353 quietem.

251 4383 289 4444 dt
309 4382 382 4444 mibi
404 4394 475 4444 tunc
496 4382 555 4446 illis
578 4383 705 4464 injurius
728 4403 795 4446 esse
816 4382 945 4454 videbar,

90 4543 92 4561 .
211 4493 294 4564 Quos
317 4511 372 4570 ego
396 4494 576 4574 spectabam.
600 4495 626 4556 si
647 4513 707 4556 non
731 4495 882 4574 inspectus
906 4491 1030 4554 abirem.

89 4568 700 4706 Lbffium—-m
706 4694 1031 4708 maun—hau—
