3236 5394
426 477 774 486 ...μη-.--.--.-.--.---.-..-,.
804 473 891 481 .-..—-—
899 473 995 481 u—

748 531 940 582 turuuuottuu
958 531 1043 582 xxvtt.

1300 631 1402 636 ..ω’-,-
1503 623 1505 631 r

273 675 277 796 i
395 752 490 813 Vestri
513 752 638 830 agitant3
662 754 714 813 sed
737 752 780 814 ibi
801 751 890 812 modo
913 751 993 813 nulla
1014 752 1254 831 patentialiqui.

345 868 377 919 35
396 863 459 924 Stat
481 862 570 922 veluti
592 861 700 922 multos
722 861 805 923 stetit
826 869 894 922 ante
917 863 1051 923 Ravenna
1074 881 1128 941 per
1150 880 1266 934 annos3

394 973 490 1050 Atque
512 972 699 1032 Poanurmus
723 971 839 1050 pollens
862 979 959 1032 rostro
983 971 1044 1032 ales
1066 971 1181 1031 adunco

397 1081 446 1144 Sic
470 1082 549 1142 lovel
571 1099 637 1154 ora,
661 1081 724 1142 suis
747 1081 923 1142 Pcuccccnu
945 1090 977 1142 ut
999 1088 1137 1159 contegat
1159 1080 1223 1142 alis.

397 1191 538 1270 Quaeque
562 1189 633 1250 olim
655 1190 743 1267 longo
766 1191 853 1252 tellus
875 1190 1003 1252 exercita
1024 1191 1095 1252 ludo

396 1299 545 1360 Gallorum
568 1300 687 1361 tumulis
710 1299 854 1364 infecerat
876 1319 943 1360 arva
966 1309 1097 1372 cruenta,

345 1419 378 1470 lu
395 1409 472 1470 Pace
495 1409 545 1470 diu
568 1409 675 1470 fruitur
696 1410 783 1472 viridi
806 1429 909 1472 secura
933 1409 987 1470 sub
1010 1427 1122 1487 ungue:

394 1520 432 1579 lt
453 1520 669 1592 Venauccauu,
693 1520 851 1600 seniorque
874 1537 1043 1598 novusque,
1066 1519 1202 1582 molossi.

396 1629 456 1690 Sub
480 1629 587 1707 quibus
610 1629 730 1707 indigne
748 1629 842 1709 jacuit
863 1629 1026 1690 Mourccm
1049 1637 1230 1708 peremptus

395 1739 429 1799 ln
452 1739 528 1799 saltu
549 1738 627 1816 pasti
650 1739 754 1800 dentes
777 1739 814 1800 de
836 1758 919 1799 more
941 1737 1102 1800 terebrant.

397 1849 537 1926 Quasque
559 1847 662 1908 Lsuou
686 1855 795 1921 terras,
820 1856 953 1928 quasque
975 1848 1059 1908 alluit
1081 1847 1158 1908 unda
1180 1847 1320 1918 Varuum,

345 1964 378 2015 45
395 1957 479 2018 Nunc
501 1956 578 2034 regit
598 1956 733 2037 imperiis
755 1957 825 2018 nido
848 1959 911 2018 Lao
935 1977 1043 2036 parvus
1067 1957 1097 2017 in
1120 1956 1197 2028 albo,

397 2067 469 2141 Qui,
494 2085 566 2147 quas
591 2073 700 2128 tutatur
721 2067 817 2128 calido
841 2067 1033 2138 subsidere,
1057 2073 1157 2145 partes

396 2177 457 2238 Sub
480 2177 583 2238 bruma
606 2184 713 2238 mutat:
738 2177 929 2257 Crurumque
952 2177 1085 2255 proxima
1108 2176 1215 2247 Sanno,

396 2287 433 2348 Ut
454 2285 550 2346 media
573 2294 619 2346 est
639 2287 718 2346 iuter
739 2305 876 2366 campum
896 2285 1090 2365 lapidosaque
1112 2285 1233 2358 montis,

396 2397 477 2456 lnter
498 2395 649 2456 servitium
670 2395 895 2475 libertatemque
917 2403 1058 2456 moratur.

347 2516 380 2568 50
396 2505 481 2566 Nunc
502 2505 575 2565 mibi
598 2504 660 2578 dic,
685 2525 753 2578 oro,
779 2506 829 2585 qui
852 2505 911 2578 sis3
934 2504 1001 2584 plus
1024 2523 1111 2583 quam
1134 2504 1190 2564 tuit
1212 2503 1288 2564 alter

397 2615 440 2676 Ne
462 2614 535 2674 mibi
558 2614 599 2674 sis
622 2615 727 2687 dume,
749 2627 783 2676 ut
805 2615 844 2676 sit
865 2624 913 2677 tua
936 2615 1013 2675 lama
1036 2623 1199 2693 superstes.
1223 2665 1225 2670 .

439 2725 599 2803 Postquam
621 2743 703 2786 more
725 2744 779 2785 suo
802 2733 847 2786 sat
868 2725 987 2803 longum
1010 2723 1157 2802 immugiit
1178 2723 1265 2801 ignis,

397 2833 522 2894 Verticis
545 2835 601 2894 bac
623 2834 691 2896 illac
713 2843 875 2896 extremum
897 2834 988 2895 movit
1009 2852 1143 2905 acumen,

397 2943 510 3005 Deinde
532 2963 638 3005 sonum
660 2945 771 3006 elllavit
791 2945 895 3005 talem:
919 2943 951 3006 Si
973 2961 1063 3022 posse
1085 2950 1217 3022 putarem

348 3061 380 3114 55
397 3054 430 3114 ld
453 3053 536 3126 fieri,
559 3061 591 3114 ut
613 3073 714 3114 mrsus
735 3053 834 3114 visuro
856 3053 967 3115 lumina
990 3053 1064 3114 solis

397 3164 505 3228 Nostra
528 3165 625 3224 lorent
647 3163 806 3225 commissa
829 3163 890 3224 viro
913 3181 1073 3241 responsa,
1097 3171 1230 3224 maneret

397 3273 477 3334 llaec
499 3274 615 3334 llamma
637 3274 716 3334 band
739 3273 846 3351 agitata
868 3274 957 3334 ultra:
982 3280 1042 3345 ast,
1066 3285 1097 3335 ut
1119 3274 1241 3334 credere
1262 3273 1385 3351 dignum
1401 3281 1457 3346 est,

399 3383 643 3462 Quandoquidem
665 3402 805 3444 revocare
827 3383 935 3460 gradus
957 3383 1015 3444 hoc
1037 3401 1155 3444 carcere
1178 3382 1215 3443 ab
1238 3392 1301 3444 atro

397 3491 475 3552 Nulli
498 3511 625 3572 uuquam
648 3493 713 3554 vivo
734 3492 833 3566 licuit,
856 3511 1001 3572 responsa
1024 3491 1180 3569 remittam,

348 3601 481 3663 rolland
504 3613 638 3690 metuens
660 3603 770 3676 lamae,
794 3621 869 3682 quae
891 3610 993 3662 nostra
1015 3603 1175 3682 opprobria
1196 3602 1312 3683 prodat.

442 3710 518 3772 Olim
540 3711 627 3772 miles
649 3731 745 3786 eram,
768 3711 836 3773 dein
857 3712 975 3772 lumbos
997 3712 1067 3773 lune
1089 3719 1200 3772 retorto

398 3820 497 3893 Cinxi,
521 3820 566 3880 sic
587 3821 675 3882 vitam
698 3832 779 3883 ratris
802 3822 960 3883 emendare
982 3821 1122 3900 priorem.

398 3931 435 3992 Et
456 3938 535 3991 certe
558 3930 614 3992 ista
636 3931 711 3992 fides
732 3931 868 3993 veniebat
889 3932 929 3992 mi
952 3931 1066 4008 integra
1090 3928 1158 4004 tota,

399 4040 430 4100 si
454 4059 512 4100 non
536 4040 585 4100 ille
606 4048 713 4119 potens
736 4050 781 4102 ter
801 4059 925 4118 magnus
947 4040 1102 4120 presbyter
1123 4049 1213 4114 esset,

349 4161 381 4214 65
399 4148 453 4210 Cui
474 4150 550 4210 male
572 4149 620 4209 sit.
663 4151 796 4228 Namque
819 4150 845 4210 is
867 4169 914 4210 me
936 4151 967 4211 in
989 4150 1113 4211 crimina
1135 4151 1230 4229 prima
1254 4150 1377 4211 remisit.

400 4259 458 4332 Qui
481 4277 627 4338 quamque
647 4259 686 4320 ¹olo
710 4279 860 4332 caussam,
883 4259 948 4339 ipse
970 4260 1086 4333 volens,
1111 4261 1244 4333 adverte,
1267 4258 1390 4322 docebo.

441 4368 540 4429 Donec
562 4369 656 4430 forma
678 4369 719 4430 sni
742 4388 809 4430 cum
831 4389 919 4430 came
941 4378 1028 4449 alque
1052 4369 1172 4432 ossibus
1194 4369 1263 4443 illis,

400 4479 482 4552 Quae
505 4478 627 4539 dederat
648 4479 788 4555 genitrix,
810 4497 871 4540 non
893 4498 939 4542 me
962 4500 1027 4542 mea
1050 4481 1127 4541 lacta
1149 4480 1277 4553 leonem,
