<?xml version="1.0" encoding="UTF-8"?>
<!DOCTYPE html PUBLIC "-//W3C//DTD XHTML 1.0 Transitional//EN"
    "http://www.w3.org/TR/xhtml1/DTD/xhtml1-transitional.dtd">
<html xmlns="http://www.w3.org/1999/xhtml" xml:lang="en" lang="en">
 <head>
  <title>
</title>
<meta http-equiv="Content-Type" content="text/html;charset=utf-8" />
  <meta name='ocr-system' content='tesseract 3.04.00' />
  <meta name='ocr-capabilities' content='ocr_page ocr_carea ocr_par ocr_line ocrx_word'/>
</head>
<body>
  <div class='ocr_page' id='page_1' title='image "./divinacomoedia01piazgoog_0338.png"; bbox 0 0 3234 5396; ppageno 0'>
   <div class='ocr_carea' id='block_1_1' title="bbox 621 537 815 589">
    <p class='ocr_par' dir='ltr' id='par_1_1' title="bbox 621 537 815 589">
     <span class='ocr_line' id='line_1_1' title="bbox 621 537 815 589; baseline 0.015 -3"><span class='ocrx_word' id='word_1_1' title='bbox 621 537 754 588; x_wconf 81' lang='lat' dir='ltr'>rtutntsl</span> <span class='ocrx_word' id='word_1_2' title='bbox 776 539 815 589; x_wconf 90' lang='grc' dir='ltr'>ΙΙΙ.</span> 
     </span>
    </p>
   </div>
   <div class='ocr_carea' id='block_1_2' title="bbox 103 756 1255 4463">
    <p class='ocr_par' dir='ltr' id='par_1_2' title="bbox 215 756 989 838">
     <span class='ocr_line' id='line_1_2' title="bbox 215 756 989 838; baseline -0.001 -19"><span class='ocrx_word' id='word_1_3' title='bbox 215 757 263 819; x_wconf 85' lang='lat' dir='ltr'>Nil</span> <span class='ocrx_word' id='word_1_4' title='bbox 286 756 402 823; x_wconf 87' lang='lat' dir='ltr'>sitiens.</span> <span class='ocrx_word' id='word_1_5' title='bbox 445 757 562 820; x_wconf 79' lang='lat' dir='ltr'><strong>Etenim</strong></span> <span class='ocrx_word' id='word_1_6' title='bbox 584 757 610 818; x_wconf 90' lang='lat' dir='ltr'>si</span> <span class='ocrx_word' id='word_1_7' title='bbox 632 758 723 820; x_wconf 88' lang='lat' dir='ltr'>lerrel</span> <span class='ocrx_word' id='word_1_8' title='bbox 744 769 846 819; x_wconf 83' lang='lat' dir='ltr'>nestra</span> <span class='ocrx_word' id='word_1_9' title='bbox 870 758 989 838; x_wconf 87' lang='lat' dir='ltr'>cupido,</span> 
     </span>
    </p>

    <p class='ocr_par' dir='ltr' id='par_1_3' title="bbox 168 867 1107 1386">
     <span class='ocr_line' id='line_1_3' title="bbox 168 867 972 948; baseline -0.004 -16"><span class='ocrx_word' id='word_1_10' title='bbox 168 880 200 932; x_wconf 80' lang='lat'>7⁰</span> <span class='ocrx_word' id='word_1_11' title='bbox 216 867 378 948; x_wconf 83' lang='lat' dir='ltr'>Adspirare</span> <span class='ocrx_word' id='word_1_12' title='bbox 400 867 475 928; x_wconf 88' lang='lat' dir='ltr'>ultra</span> <span class='ocrx_word' id='word_1_13' title='bbox 498 876 587 947; x_wconf 87' lang='lat' dir='ltr'>atque</span> <span class='ocrx_word' id='word_1_14' title='bbox 608 867 703 944; x_wconf 89' lang='lat' dir='ltr'>magis</span> <span class='ocrx_word' id='word_1_15' title='bbox 726 867 864 928; x_wconf 90' lang='lat' dir='ltr'>sublimia</span> <span class='ocrx_word' id='word_1_16' title='bbox 886 867 972 941; x_wconf 93' lang='lat' dir='ltr'>inire,</span> 
     </span>
     <span class='ocr_line' id='line_1_4' title="bbox 215 975 946 1056; baseline 0.001 -18"><span class='ocrx_word' id='word_1_17' title='bbox 215 977 324 1040; x_wconf 88' lang='lat' dir='ltr'>Nostra</span> <span class='ocrx_word' id='word_1_18' title='bbox 346 978 446 1038; x_wconf 85' lang='lat' dir='ltr'>forent</span> <span class='ocrx_word' id='word_1_19' title='bbox 466 986 534 1038; x_wconf 84' lang='lat' dir='ltr'>vota</span> <span class='ocrx_word' id='word_1_20' title='bbox 556 976 637 1038; x_wconf 89' lang='lat' dir='ltr'>illius</span> <span class='ocrx_word' id='word_1_21' title='bbox 659 975 821 1056; x_wconf 76' lang='lat' dir='ltr'><strong>pugnantia</strong></span> <span class='ocrx_word' id='word_1_22' title='bbox 843 977 946 1051; x_wconf 87' lang='lat' dir='ltr'>menti,</span> 
     </span>
     <span class='ocr_line' id='line_1_5' title="bbox 218 1085 1107 1167; baseline 0.003 -21"><span class='ocrx_word' id='word_1_23' title='bbox 218 1086 275 1159; x_wconf 85' lang='lat' dir='ltr'>Qui</span> <span class='ocrx_word' id='word_1_24' title='bbox 298 1105 354 1148; x_wconf 92' lang='lat' dir='ltr'>nos</span> <span class='ocrx_word' id='word_1_25' title='bbox 376 1086 528 1167; x_wconf 85' lang='lat' dir='ltr'>sejunctas</span> <span class='ocrx_word' id='word_1_26' title='bbox 549 1086 641 1148; x_wconf 85' lang='lat' dir='ltr'>habet</span> <span class='ocrx_word' id='word_1_27' title='bbox 661 1085 727 1162; x_wconf 82' lang='lat' dir='ltr'>hie;</span> <span class='ocrx_word' id='word_1_28' title='bbox 750 1087 829 1166; x_wconf 87' lang='lat' dir='ltr'>qnod</span> <span class='ocrx_word' id='word_1_29' title='bbox 852 1086 969 1167; x_wconf 90' lang='lat' dir='ltr'>etipse</span> <span class='ocrx_word' id='word_1_30' title='bbox 989 1086 1107 1150; x_wconf 87' lang='lat' dir='ltr'>videbis</span> 
     </span>
     <span class='ocr_line' id='line_1_6' title="bbox 216 1177 1079 1276; baseline 0.003 -20"><span class='ocrx_word' id='word_1_31' title='bbox 216 1177 290 1258; x_wconf 72' lang='grc' dir='ltr'>Νο11</span> <span class='ocrx_word' id='word_1_32' title='bbox 305 1196 412 1258; x_wconf 89' lang='lat' dir='ltr'>cadere</span> <span class='ocrx_word' id='word_1_33' title='bbox 434 1196 465 1257; x_wconf 93' lang='lat' dir='ltr'>in</span> <span class='ocrx_word' id='word_1_34' title='bbox 488 1197 631 1276; x_wconf 77' lang='lat' dir='ltr'>sphaeras</span> <span class='ocrx_word' id='word_1_35' title='bbox 653 1195 737 1269; x_wconf 89' lang='lat' dir='ltr'>istas,</span> <span class='ocrx_word' id='word_1_36' title='bbox 758 1195 811 1256; x_wconf 85' lang='lat' dir='ltr'>ubi</span> <span class='ocrx_word' id='word_1_37' title='bbox 833 1215 932 1258; x_wconf 88' lang='lat' dir='ltr'>amare</span> <span class='ocrx_word' id='word_1_38' title='bbox 954 1215 1079 1259; x_wconf 84' lang='lat' dir='ltr'>necesse</span> 
     </span>
     <span class='ocr_line' id='line_1_7' title="bbox 215 1304 941 1386; baseline 0.001 -19"><span class='ocrx_word' id='word_1_39' title='bbox 215 1304 315 1380; x_wconf 85' lang='lat' dir='ltr'>Dicas,</span> <span class='ocrx_word' id='word_1_40' title='bbox 336 1305 363 1368; x_wconf 90' lang='lat' dir='ltr'>si</span> <span class='ocrx_word' id='word_1_41' title='bbox 384 1305 462 1368; x_wconf 88' lang='lat' dir='ltr'>hene</span> <span class='ocrx_word' id='word_1_42' title='bbox 484 1314 620 1368; x_wconf 85' lang='lat' dir='ltr'>naturam</span> <span class='ocrx_word' id='word_1_43' title='bbox 642 1305 831 1386; x_wconf 76' lang='lat' dir='ltr'>perspexeris</span> <span class='ocrx_word' id='word_1_44' title='bbox 852 1305 941 1386; x_wconf 88' lang='lat' dir='ltr'>hujus</span> 
     </span>
    </p>

    <p class='ocr_par' dir='ltr' id='par_1_4' title="bbox 169 1399 1082 1605">
     <span class='ocr_line' id='line_1_8' title="bbox 169 1399 1082 1488; baseline 0.001 -9"><span class='ocrx_word' id='word_1_45' title='bbox 169 1429 200 1483; x_wconf 83' lang='lat'>75</span> <span class='ocrx_word' id='word_1_46' title='bbox 216 1419 350 1479; x_wconf 27' lang='lat' dir='ltr'>Aestus*</span> <span class='ocrx_word' id='word_1_47' title='bbox 377 1414 457 1488; x_wconf 85' lang='lat' dir='ltr'>Quin</span> <span class='ocrx_word' id='word_1_48' title='bbox 479 1415 540 1477; x_wconf 89' lang='lat' dir='ltr'>imo</span> <span class='ocrx_word' id='word_1_49' title='bbox 562 1421 622 1476; x_wconf 87' lang='lat' dir='ltr'>stat</span> <span class='ocrx_word' id='word_1_50' title='bbox 643 1415 672 1477; x_wconf 92' lang='lat' dir='ltr'>in</span> <span class='ocrx_word' id='word_1_51' title='bbox 694 1415 754 1475; x_wconf 90' lang='lat' dir='ltr'>hoc</span> <span class='ocrx_word' id='word_1_52' title='bbox 773 1399 851 1477; x_wconf 72' lang='lat' dir='ltr'>sitae</span> <span class='ocrx_word' id='word_1_53' title='bbox 873 1434 940 1478; x_wconf 86' lang='lat' dir='ltr'>esse</span> <span class='ocrx_word' id='word_1_54' title='bbox 962 1415 1082 1480; x_wconf 85' lang='lat' dir='ltr'>beatae:</span> 
     </span>
     <span class='ocr_line' id='line_1_9' title="bbox 217 1524 970 1605; baseline 0 -19"><span class='ocrx_word' id='word_1_55' title='bbox 217 1525 302 1586; x_wconf 87' lang='lat' dir='ltr'>Stare</span> <span class='ocrx_word' id='word_1_56' title='bbox 325 1524 401 1586; x_wconf 89' lang='lat' dir='ltr'>intra</span> <span class='ocrx_word' id='word_1_57' title='bbox 423 1527 509 1599; x_wconf 88' lang='lat' dir='ltr'>lines,</span> <span class='ocrx_word' id='word_1_58' title='bbox 532 1543 607 1605; x_wconf 92' lang='lat' dir='ltr'>quos</span> <span class='ocrx_word' id='word_1_59' title='bbox 630 1524 681 1586; x_wconf 88' lang='lat' dir='ltr'>dat</span> <span class='ocrx_word' id='word_1_60' title='bbox 703 1524 803 1586; x_wconf 89' lang='lat' dir='ltr'>divina</span> <span class='ocrx_word' id='word_1_61' title='bbox 823 1524 970 1598; x_wconf 84' lang='lat' dir='ltr'>voluntas,</span> 
     </span>
    </p>

    <p class='ocr_par' dir='ltr' id='par_1_5' title="bbox 192 1633 1131 1936">
     <span class='ocr_line' id='line_1_10' title="bbox 192 1633 1131 1714; baseline 0.005 -19"><span class='ocrx_word' id='word_1_62' title='bbox 192 1673 196 1678; x_wconf 96' lang='lat'>-</span> <span class='ocrx_word' id='word_1_63' title='bbox 218 1634 289 1696; x_wconf 90' lang='lat' dir='ltr'>Cum</span> <span class='ocrx_word' id='word_1_64' title='bbox 312 1653 370 1714; x_wconf 88' lang='lat' dir='ltr'>qua</span> <span class='ocrx_word' id='word_1_65' title='bbox 392 1634 429 1695; x_wconf 91' lang='lat' dir='ltr'>de</span> <span class='ocrx_word' id='word_1_66' title='bbox 451 1633 564 1695; x_wconf 83' lang='lat' dir='ltr'>nostris</span> <span class='ocrx_word' id='word_1_67' title='bbox 586 1653 704 1714; x_wconf 88' lang='lat' dir='ltr'>quoque</span> <span class='ocrx_word' id='word_1_68' title='bbox 726 1635 760 1696; x_wconf 88' lang='lat' dir='ltr'>fit</span> <span class='ocrx_word' id='word_1_69' title='bbox 779 1653 865 1696; x_wconf 89' lang='lat' dir='ltr'>mens</span> <span class='ocrx_word' id='word_1_70' title='bbox 886 1635 1036 1700; x_wconf 87' lang='lat' dir='ltr'>mentibus</span> <span class='ocrx_word' id='word_1_71' title='bbox 1061 1655 1131 1700; x_wconf 93' lang='lat' dir='ltr'>una.</span> 
     </span>
     <span class='ocr_line' id='line_1_11' title="bbox 218 1743 1050 1829; baseline 0.002 -24"><span class='ocrx_word' id='word_1_72' title='bbox 218 1745 317 1818; x_wconf 83' lang='lat' dir='ltr'>Quare</span> <span class='ocrx_word' id='word_1_73' title='bbox 338 1743 571 1826; x_wconf 81' lang='lat' dir='ltr'>qualescumque</span> <span class='ocrx_word' id='word_1_74' title='bbox 592 1763 695 1806; x_wconf 88' lang='lat' dir='ltr'>sumus</span> <span class='ocrx_word' id='word_1_75' title='bbox 716 1743 885 1829; x_wconf 88' lang='lat' dir='ltr'>permulta</span> <span class='ocrx_word' id='word_1_76' title='bbox 907 1745 1050 1824; x_wconf 74' lang='lat' dir='ltr'>gradatim</span> 
     </span>
     <span class='ocr_line' id='line_1_12' title="bbox 216 1853 1072 1936; baseline 0.005 -20"><span class='ocrx_word' id='word_1_77' title='bbox 216 1853 343 1928; x_wconf 88' lang='lat' dir='ltr'>Limina,</span> <span class='ocrx_word' id='word_1_78' title='bbox 365 1854 396 1916; x_wconf 95' lang='lat' dir='ltr'>id</span> <span class='ocrx_word' id='word_1_79' title='bbox 418 1861 450 1916; x_wconf 85' lang='lat' dir='ltr'>et</span> <span class='ocrx_word' id='word_1_80' title='bbox 470 1871 563 1932; x_wconf 89' lang='lat' dir='ltr'>regno</span> <span class='ocrx_word' id='word_1_81' title='bbox 585 1853 684 1934; x_wconf 87' lang='lat' dir='ltr'>placet</span> <span class='ocrx_word' id='word_1_82' title='bbox 705 1855 795 1928; x_wconf 91' lang='lat' dir='ltr'>omni,</span> <span class='ocrx_word' id='word_1_83' title='bbox 818 1872 880 1916; x_wconf 92' lang='lat' dir='ltr'>non</span> <span class='ocrx_word' id='word_1_84' title='bbox 902 1874 990 1917; x_wconf 90' lang='lat' dir='ltr'>secus</span> <span class='ocrx_word' id='word_1_85' title='bbox 1012 1855 1072 1936; x_wconf 88' lang='lat' dir='ltr'>ipsi</span> 
     </span>
    </p>

    <p class='ocr_par' dir='ltr' id='par_1_6' title="bbox 103 1963 1255 4463">
     <span class='ocr_line' id='line_1_13' title="bbox 166 1963 1046 2045; baseline 0.002 -19"><span class='ocrx_word' id='word_1_86' title='bbox 166 1973 198 2026; x_wconf 83' lang='lat'>8⁰</span> <span class='ocrx_word' id='word_1_87' title='bbox 214 1965 298 2044; x_wconf 84' lang='lat' dir='ltr'>Regi,</span> <span class='ocrx_word' id='word_1_88' title='bbox 322 1964 373 2045; x_wconf 92' lang='lat' dir='ltr'>qui</span> <span class='ocrx_word' id='word_1_89' title='bbox 394 1983 450 2026; x_wconf 87' lang='lat' dir='ltr'>nos</span> <span class='ocrx_word' id='word_1_90' title='bbox 472 1974 580 2044; x_wconf 87' lang='lat' dir='ltr'>sponte</span> <span class='ocrx_word' id='word_1_91' title='bbox 601 1983 655 2026; x_wconf 91' lang='lat' dir='ltr'>sua</span> <span class='ocrx_word' id='word_1_92' title='bbox 676 1963 776 2037; x_wconf 84' lang='lat' dir='ltr'>trahit,</span> <span class='ocrx_word' id='word_1_93' title='bbox 799 1972 888 2044; x_wconf 83' lang='lat' dir='ltr'>atque</span> <span class='ocrx_word' id='word_1_94' title='bbox 909 1964 1046 2028; x_wconf 86' lang='lat' dir='ltr'>voluutas</span> 
     </span>
     <span class='ocr_line' id='line_1_14' title="bbox 213 2071 1139 2156; baseline 0.002 -20"><span class='ocrx_word' id='word_1_95' title='bbox 213 2075 309 2156; x_wconf 88' lang='lat' dir='ltr'>Hujus</span> <span class='ocrx_word' id='word_1_96' title='bbox 331 2082 512 2154; x_wconf 78' lang='lat' dir='ltr'>pernostra</span> <span class='ocrx_word' id='word_1_97' title='bbox 535 2081 591 2135; x_wconf 89' lang='lat' dir='ltr'>est.</span> <span class='ocrx_word' id='word_1_98' title='bbox 634 2074 702 2154; x_wconf 90' lang='lat' dir='ltr'>lpsa</span> <span class='ocrx_word' id='word_1_99' title='bbox 725 2083 771 2136; x_wconf 85' lang='lat' dir='ltr'>est</span> <span class='ocrx_word' id='word_1_100' title='bbox 793 2071 867 2135; x_wconf 93' lang='lat' dir='ltr'>illud</span> <span class='ocrx_word' id='word_1_101' title='bbox 888 2093 971 2138; x_wconf 88' lang='lat' dir='ltr'>mare</span> <span class='ocrx_word' id='word_1_102' title='bbox 991 2093 1139 2154; x_wconf 72' lang='lat' dir='ltr'>magicum,</span> 
     </span>
     <span class='ocr_line' id='line_1_15' title="bbox 215 2183 1101 2264; baseline 0.002 -18"><span class='ocrx_word' id='word_1_103' title='bbox 215 2184 291 2259; x_wconf 85' lang='lat' dir='ltr'>Quo,</span> <span class='ocrx_word' id='word_1_104' title='bbox 315 2183 459 2263; x_wconf 90' lang='lat' dir='ltr'>quidquid</span> <span class='ocrx_word' id='word_1_105' title='bbox 482 2193 564 2246; x_wconf 90' lang='lat' dir='ltr'>creat</span> <span class='ocrx_word' id='word_1_106' title='bbox 585 2183 646 2256; x_wconf 87' lang='lat' dir='ltr'>illa,</span> <span class='ocrx_word' id='word_1_107' title='bbox 669 2193 757 2264; x_wconf 86' lang='lat' dir='ltr'>atque</span> <span class='ocrx_word' id='word_1_108' title='bbox 779 2183 841 2245; x_wconf 86' lang='lat' dir='ltr'>edit</span> <span class='ocrx_word' id='word_1_109' title='bbox 861 2183 937 2246; x_wconf 89' lang='lat' dir='ltr'>lucis</span> <span class='ocrx_word' id='word_1_110' title='bbox 960 2185 990 2246; x_wconf 90' lang='lat' dir='ltr'>in</span> <span class='ocrx_word' id='word_1_111' title='bbox 1013 2205 1101 2248; x_wconf 89' lang='lat' dir='ltr'>auras</span> 
     </span>
     <span class='ocr_line' id='line_1_16' title="bbox 213 2293 906 2366; baseline 0 -10"><span class='ocrx_word' id='word_1_112' title='bbox 213 2293 333 2366; x_wconf 87' lang='lat' dir='ltr'>Natura,</span> <span class='ocrx_word' id='word_1_113' title='bbox 357 2294 480 2356; x_wconf 90' lang='lat' dir='ltr'>assiduo</span> <span class='ocrx_word' id='word_1_114' title='bbox 502 2301 600 2356; x_wconf 87' lang='lat' dir='ltr'>motus</span> <span class='ocrx_word' id='word_1_115' title='bbox 622 2294 779 2356; x_wconf 85' lang='lat' dir='ltr'>conamine</span> <span class='ocrx_word' id='word_1_116' title='bbox 801 2295 906 2357; x_wconf 87' lang='lat' dir='ltr'>tendit.</span> 
     </span>
     <span class='ocr_line' id='line_1_17' title="bbox 257 2403 1173 2485; baseline 0.005 -21"><span class='ocrx_word' id='word_1_117' title='bbox 257 2405 334 2466; x_wconf 88' lang='lat' dir='ltr'>Tum</span> <span class='ocrx_word' id='word_1_118' title='bbox 355 2404 452 2484; x_wconf 86' lang='lat' dir='ltr'>patuit</span> <span class='ocrx_word' id='word_1_119' title='bbox 472 2403 556 2478; x_wconf 92' lang='lat' dir='ltr'>mihi,</span> <span class='ocrx_word' id='word_1_120' title='bbox 580 2412 612 2465; x_wconf 87' lang='lat' dir='ltr'>ut</span> <span class='ocrx_word' id='word_1_121' title='bbox 632 2403 663 2464; x_wconf 92' lang='lat' dir='ltr'>in</span> <span class='ocrx_word' id='word_1_122' title='bbox 687 2403 771 2466; x_wconf 87' lang='lat' dir='ltr'>coelo</span> <span class='ocrx_word' id='word_1_123' title='bbox 792 2403 954 2467; x_wconf 89' lang='lat' dir='ltr'>Paradisus</span> <span class='ocrx_word' id='word_1_124' title='bbox 976 2403 1088 2485; x_wconf 83' lang='lat' dir='ltr'>ubique</span> <span class='ocrx_word' id='word_1_125' title='bbox 1111 2415 1173 2469; x_wconf 87' lang='lat' dir='ltr'>est:</span> 
     </span>
     <span class='ocr_line' id='line_1_18' title="bbox 103 2483 922 2594; baseline -0.006 -14"><span class='ocrx_word' id='word_1_126' title='bbox 103 2483 106 2589; x_wconf 69' lang='lat' dir='ltr'>i</span> <span class='ocrx_word' id='word_1_127' title='bbox 165 2525 197 2580; x_wconf 83' lang='lat'>85</span> <span class='ocrx_word' id='word_1_128' title='bbox 213 2513 277 2575; x_wconf 82' lang='lat' dir='ltr'>Etsi</span> <span class='ocrx_word' id='word_1_129' title='bbox 301 2522 407 2574; x_wconf 88' lang='lat' dir='ltr'>cuncta</span> <span class='ocrx_word' id='word_1_130' title='bbox 427 2513 520 2576; x_wconf 89' lang='lat' dir='ltr'>beans</span> <span class='ocrx_word' id='word_1_131' title='bbox 543 2514 674 2594; x_wconf 87' lang='lat' dir='ltr'>supremi</span> <span class='ocrx_word' id='word_1_132' title='bbox 697 2513 788 2592; x_wconf 88' lang='lat' dir='ltr'>gratia</span> <span class='ocrx_word' id='word_1_133' title='bbox 811 2512 922 2576; x_wconf 77' lang='lat' dir='ltr'>amoris</span> 
     </span>
     <span class='ocr_line' id='line_1_19' title="bbox 213 2623 1084 2704; baseline 0.005 -20"><span class='ocrx_word' id='word_1_134' title='bbox 213 2623 341 2704; x_wconf 86' lang='lat' dir='ltr'>impluat</span> <span class='ocrx_word' id='word_1_135' title='bbox 363 2623 442 2686; x_wconf 88' lang='lat' dir='ltr'>haud</span> <span class='ocrx_word' id='word_1_136' title='bbox 465 2643 570 2704; x_wconf 90' lang='lat' dir='ltr'>aeque.</span> <span class='ocrx_word' id='word_1_137' title='bbox 611 2623 668 2686; x_wconf 90' lang='lat' dir='ltr'>Hic</span> <span class='ocrx_word' id='word_1_138' title='bbox 689 2623 809 2686; x_wconf 90' lang='lat' dir='ltr'>illorum</span> <span class='ocrx_word' id='word_1_139' title='bbox 829 2642 913 2686; x_wconf 90' lang='lat' dir='ltr'>more</span> <span class='ocrx_word' id='word_1_140' title='bbox 934 2624 1084 2700; x_wconf 78' lang='lat' dir='ltr'>virorum,</span> 
     </span>
     <span class='ocr_line' id='line_1_20' title="bbox 215 2715 1091 2812; baseline 0.006 -19"><span class='ocrx_word' id='word_1_141' title='bbox 215 2733 298 2806; x_wconf 81' lang='lat' dir='ltr'>Quos</span> <span class='ocrx_word' id='word_1_142' title='bbox 321 2732 477 2812; x_wconf 85' lang='lat' dir='ltr'>dapenna</span> <span class='ocrx_word' id='word_1_143' title='bbox 499 2733 581 2794; x_wconf 83' lang='lat' dir='ltr'>dedit</span> <span class='ocrx_word' id='word_1_144' title='bbox 599 2743 732 2808; x_wconf 87' lang='lat' dir='ltr'>saturos,</span> <span class='ocrx_word' id='word_1_145' title='bbox 757 2743 787 2795; x_wconf 89' lang='lat' dir='ltr'>at</span> <span class='ocrx_word' id='word_1_146' title='bbox 807 2734 857 2796; x_wconf 92' lang='lat' dir='ltr'>ubi</span> <span class='ocrx_word' id='word_1_147' title='bbox 881 2734 974 2797; x_wconf 88' lang='lat' dir='ltr'>altera</span> <span class='ocrx_word' id='word_1_148' title='bbox 992 2715 1091 2798; x_wconf 62' lang='lat' dir='ltr'>&#39;restat</span> 
     </span>
     <span class='ocr_line' id='line_1_21' title="bbox 212 2842 1069 2924; baseline 0.005 -20"><span class='ocrx_word' id='word_1_149' title='bbox 212 2843 290 2904; x_wconf 86' lang='lat' dir='ltr'>Esca</span> <span class='ocrx_word' id='word_1_150' title='bbox 312 2843 410 2922; x_wconf 87' lang='lat' dir='ltr'>gulam</span> <span class='ocrx_word' id='word_1_151' title='bbox 432 2842 578 2918; x_wconf 74' lang='lat' dir='ltr'>alliciens,</span> <span class='ocrx_word' id='word_1_152' title='bbox 601 2843 645 2906; x_wconf 93' lang='lat' dir='ltr'>illi</span> <span class='ocrx_word' id='word_1_153' title='bbox 666 2843 744 2906; x_wconf 90' lang='lat' dir='ltr'>hanc</span> <span class='ocrx_word' id='word_1_154' title='bbox 765 2854 902 2924; x_wconf 88' lang='lat' dir='ltr'>spectare</span> <span class='ocrx_word' id='word_1_155' title='bbox 923 2844 1069 2919; x_wconf 89' lang='lat' dir='ltr'>videntur,</span> 
     </span>
     <span class='ocr_line' id='line_1_22' title="bbox 215 2951 1044 3034; baseline 0 -18"><span class='ocrx_word' id='word_1_156' title='bbox 215 2954 375 3034; x_wconf 88' lang='lat' dir='ltr'>Gratiaque</span> <span class='ocrx_word' id='word_1_157' title='bbox 397 2962 443 3014; x_wconf 89' lang='lat' dir='ltr'>est</span> <span class='ocrx_word' id='word_1_158' title='bbox 465 2953 532 3014; x_wconf 88' lang='lat' dir='ltr'>aliis</span> <span class='ocrx_word' id='word_1_159' title='bbox 555 2953 592 3014; x_wconf 90' lang='lat' dir='ltr'>de</span> <span class='ocrx_word' id='word_1_160' title='bbox 614 2951 727 3033; x_wconf 93' lang='lat' dir='ltr'>prima,</span> <span class='ocrx_word' id='word_1_161' title='bbox 750 2971 804 3033; x_wconf 88' lang='lat' dir='ltr'>ego</span> <span class='ocrx_word' id='word_1_162' title='bbox 827 2953 949 3016; x_wconf 86' lang='lat' dir='ltr'>nutibus</span> <span class='ocrx_word' id='word_1_163' title='bbox 970 2975 1044 3018; x_wconf 87' lang='lat' dir='ltr'>usus</span> 
     </span>
     <span class='ocr_line' id='line_1_23' title="bbox 164 3062 932 3142; baseline -0.003 -17"><span class='ocrx_word' id='word_1_164' title='bbox 164 3077 196 3132; x_wconf 77' lang='lat' dir='ltr'>td</span> <span class='ocrx_word' id='word_1_165' title='bbox 212 3064 250 3125; x_wconf 83' lang='lat' dir='ltr'>Et</span> <span class='ocrx_word' id='word_1_166' title='bbox 271 3062 370 3126; x_wconf 87' lang='lat' dir='ltr'>verbis</span> <span class='ocrx_word' id='word_1_167' title='bbox 393 3063 449 3142; x_wconf 85' lang='lat' dir='ltr'>egi,</span> <span class='ocrx_word' id='word_1_168' title='bbox 470 3071 563 3124; x_wconf 86' lang='lat' dir='ltr'>totam</span> <span class='ocrx_word' id='word_1_169' title='bbox 586 3073 618 3124; x_wconf 87' lang='lat' dir='ltr'>ut</span> <span class='ocrx_word' id='word_1_170' title='bbox 640 3080 821 3142; x_wconf 87' lang='lat' dir='ltr'>cognoscere</span> <span class='ocrx_word' id='word_1_171' title='bbox 843 3063 932 3125; x_wconf 81' lang='lat' dir='ltr'>telam</span> 
     </span>
     <span class='ocr_line' id='line_1_24' title="bbox 211 3172 1255 3252; baseline 0.003 -17"><span class='ocrx_word' id='word_1_172' title='bbox 211 3174 347 3248; x_wconf 90' lang='lat' dir='ltr'>Possem,</span> <span class='ocrx_word' id='word_1_173' title='bbox 369 3173 449 3234; x_wconf 87' lang='lat' dir='ltr'>unde</span> <span class='ocrx_word' id='word_1_174' title='bbox 470 3174 546 3234; x_wconf 89' lang='lat' dir='ltr'>haec</span> <span class='ocrx_word' id='word_1_175' title='bbox 566 3173 683 3234; x_wconf 92' lang='lat' dir='ltr'>radium</span> <span class='ocrx_word' id='word_1_176' title='bbox 705 3172 837 3233; x_wconf 91' lang='lat' dir='ltr'>nondum</span> <span class='ocrx_word' id='word_1_177' title='bbox 860 3173 896 3233; x_wconf 92' lang='lat' dir='ltr'>ad</span> <span class='ocrx_word' id='word_1_178' title='bbox 920 3173 1016 3252; x_wconf 87' lang='lat' dir='ltr'>capita</span> <span class='ocrx_word' id='word_1_179' title='bbox 1041 3173 1141 3236; x_wconf 92' lang='lat' dir='ltr'>ultima</span> <span class='ocrx_word' id='word_1_180' title='bbox 1161 3177 1255 3238; x_wconf 85' lang='lat' dir='ltr'>traxit.</span> 
     </span>
     <span class='ocr_line' id='line_1_25' title="bbox 253 3281 1145 3362; baseline 0 -16"><span class='ocrx_word' id='word_1_181' title='bbox 253 3284 409 3346; x_wconf 85' lang='lat' dir='ltr'>Persectae</span> <span class='ocrx_word' id='word_1_182' title='bbox 432 3283 470 3346; x_wconf 92' lang='lat' dir='ltr'>eb</span> <span class='ocrx_word' id='word_1_183' title='bbox 494 3302 614 3344; x_wconf 91' lang='lat' dir='ltr'>cursum</span> <span class='ocrx_word' id='word_1_184' title='bbox 633 3282 722 3355; x_wconf 85' lang='lat' dir='ltr'>vitae,</span> <span class='ocrx_word' id='word_1_185' title='bbox 744 3281 943 3361; x_wconf 84' lang='lat' dir='ltr'>meritumque</span> <span class='ocrx_word' id='word_1_186' title='bbox 964 3283 1145 3362; x_wconf 83' lang='lat' dir='ltr'>profundum</span> 
     </span>
     <span class='ocr_line' id='line_1_26' title="bbox 211 3391 914 3472; baseline -0.006 -16"><span class='ocrx_word' id='word_1_187' title='bbox 211 3394 307 3457; x_wconf 79' lang='lat' dir='ltr'>Altius</span> <span class='ocrx_word' id='word_1_188' title='bbox 329 3394 361 3455; x_wconf 91' lang='lat' dir='ltr'>in</span> <span class='ocrx_word' id='word_1_189' title='bbox 383 3393 477 3468; x_wconf 87' lang='lat' dir='ltr'>coelo,</span> <span class='ocrx_word' id='word_1_190' title='bbox 501 3393 582 3467; x_wconf 84' lang='lat' dir='ltr'>dixit,</span> <span class='ocrx_word' id='word_1_191' title='bbox 606 3398 665 3454; x_wconf 85' lang='lat' dir='ltr'>stet</span> <span class='ocrx_word' id='word_1_192' title='bbox 685 3391 805 3465; x_wconf 80' lang='lat' dir='ltr'>femina,</span> <span class='ocrx_word' id='word_1_193' title='bbox 828 3391 914 3472; x_wconf 88' lang='lat' dir='ltr'>cujus</span> 
     </span>
     <span class='ocr_line' id='line_1_27' title="bbox 213 3501 1074 3588; baseline -0.003 -21"><span class='ocrx_word' id='word_1_194' title='bbox 213 3505 256 3567; x_wconf 81' lang='lat' dir='ltr'>dd</span> <span class='ocrx_word' id='word_1_195' title='bbox 273 3521 415 3588; x_wconf 40' lang='lat' dir='ltr'>,normam</span> <span class='ocrx_word' id='word_1_196' title='bbox 436 3503 467 3564; x_wconf 91' lang='lat' dir='ltr'>in</span> <span class='ocrx_word' id='word_1_197' title='bbox 488 3503 575 3565; x_wconf 87' lang='lat' dir='ltr'>terris</span> <span class='ocrx_word' id='word_1_198' title='bbox 596 3521 650 3563; x_wconf 84' lang='lat' dir='ltr'>uos</span> <span class='ocrx_word' id='word_1_199' title='bbox 672 3502 751 3564; x_wconf 88' lang='lat' dir='ltr'>inter</span> <span class='ocrx_word' id='word_1_200' title='bbox 771 3501 905 3563; x_wconf 88' lang='lat' dir='ltr'>membra</span> <span class='ocrx_word' id='word_1_201' title='bbox 926 3510 1074 3581; x_wconf 86' lang='lat' dir='ltr'>teguntur,</span> 
     </span>
     <span class='ocr_line' id='line_1_28' title="bbox 164 3612 1023 3694; baseline -0.002 -18"><span class='ocrx_word' id='word_1_202' title='bbox 164 3623 196 3678; x_wconf 81' lang='lat'>95</span> <span class='ocrx_word' id='word_1_203' title='bbox 212 3615 391 3694; x_wconf 78' lang='lat' dir='ltr'>velaturque</span> <span class='ocrx_word' id='word_1_204' title='bbox 414 3621 512 3692; x_wconf 88' lang='lat' dir='ltr'>caput.</span> <span class='ocrx_word' id='word_1_205' title='bbox 556 3612 642 3675; x_wconf 87' lang='lat' dir='ltr'>Dulci</span> <span class='ocrx_word' id='word_1_206' title='bbox 664 3614 735 3674; x_wconf 84' lang='lat' dir='ltr'>dare</span> <span class='ocrx_word' id='word_1_207' title='bbox 757 3629 884 3692; x_wconf 88' lang='lat' dir='ltr'>corpora</span> <span class='ocrx_word' id='word_1_208' title='bbox 906 3631 1023 3686; x_wconf 89' lang='lat' dir='ltr'>somno,</span> 
     </span>
     <span class='ocr_line' id='line_1_29' title="bbox 212 3721 1005 3804; baseline 0 -19"><span class='ocrx_word' id='word_1_209' title='bbox 212 3724 250 3785; x_wconf 89' lang='lat' dir='ltr'>Et</span> <span class='ocrx_word' id='word_1_210' title='bbox 269 3723 391 3802; x_wconf 88' lang='lat' dir='ltr'>vigilare</span> <span class='ocrx_word' id='word_1_211' title='bbox 413 3721 464 3784; x_wconf 90' lang='lat' dir='ltr'>illo</span> <span class='ocrx_word' id='word_1_212' title='bbox 488 3743 555 3785; x_wconf 90' lang='lat' dir='ltr'>cum</span> <span class='ocrx_word' id='word_1_213' title='bbox 577 3739 689 3804; x_wconf 90' lang='lat' dir='ltr'>sponso</span> <span class='ocrx_word' id='word_1_214' title='bbox 711 3730 829 3801; x_wconf 86' lang='lat' dir='ltr'>tempus</span> <span class='ocrx_word' id='word_1_215' title='bbox 851 3723 887 3783; x_wconf 89' lang='lat' dir='ltr'>ad</span> <span class='ocrx_word' id='word_1_216' title='bbox 910 3741 1005 3803; x_wconf 87' lang='lat' dir='ltr'>usque</span> 
     </span>
     <span class='ocr_line' id='line_1_30' title="bbox 211 3832 935 3912; baseline -0.003 -16"><span class='ocrx_word' id='word_1_217' title='bbox 211 3833 400 3896; x_wconf 88' lang='lat' dir='ltr'>Postremum</span> <span class='ocrx_word' id='word_1_218' title='bbox 421 3833 555 3912; x_wconf 90' lang='lat' dir='ltr'>cupiens,</span> <span class='ocrx_word' id='word_1_219' title='bbox 579 3833 626 3894; x_wconf 91' lang='lat' dir='ltr'>cui</span> <span class='ocrx_word' id='word_1_220' title='bbox 649 3835 723 3894; x_wconf 90' lang='lat' dir='ltr'>liunt</span> <span class='ocrx_word' id='word_1_221' title='bbox 744 3832 843 3894; x_wconf 93' lang='lat' dir='ltr'>omnia</span> <span class='ocrx_word' id='word_1_222' title='bbox 867 3851 935 3894; x_wconf 88' lang='lat' dir='ltr'>cara</span> 
     </span>
     <span class='ocr_line' id='line_1_31' title="bbox 211 3943 1111 4023; baseline -0.001 -18"><span class='ocrx_word' id='word_1_223' title='bbox 211 3944 248 4006; x_wconf 89' lang='lat' dir='ltr'>Et</span> <span class='ocrx_word' id='word_1_224' title='bbox 269 3951 342 4017; x_wconf 90' lang='lat' dir='ltr'>rata,</span> <span class='ocrx_word' id='word_1_225' title='bbox 367 3963 440 4022; x_wconf 89' lang='lat' dir='ltr'>quae</span> <span class='ocrx_word' id='word_1_226' title='bbox 462 3944 558 4023; x_wconf 90' lang='lat' dir='ltr'>pietas</span> <span class='ocrx_word' id='word_1_227' title='bbox 583 3949 612 4004; x_wconf 89' lang='lat' dir='ltr'>et</span> <span class='ocrx_word' id='word_1_228' title='bbox 634 3961 717 4004; x_wconf 90' lang='lat' dir='ltr'>amor</span> <span class='ocrx_word' id='word_1_229' title='bbox 739 3943 906 4004; x_wconf 81' lang='lat' dir='ltr'>conformat</span> <span class='ocrx_word' id='word_1_230' title='bbox 926 3943 962 4004; x_wconf 92' lang='lat' dir='ltr'>ad</span> <span class='ocrx_word' id='word_1_231' title='bbox 986 3961 1111 4022; x_wconf 90' lang='lat' dir='ltr'>aequam</span> 
     </span>
     <span class='ocr_line' id='line_1_32' title="bbox 211 4052 1003 4132; baseline -0.001 -17"><span class='ocrx_word' id='word_1_232' title='bbox 211 4053 294 4116; x_wconf 92' lang='lat' dir='ltr'>Illius</span> <span class='ocrx_word' id='word_1_233' title='bbox 316 4061 455 4114; x_wconf 85' lang='lat' dir='ltr'>mentem.</span> <span class='ocrx_word' id='word_1_234' title='bbox 500 4053 655 4114; x_wconf 88' lang='lat' dir='ltr'>Primaevo</span> <span class='ocrx_word' id='word_1_235' title='bbox 678 4053 753 4114; x_wconf 88' lang='lat' dir='ltr'>flore</span> <span class='ocrx_word' id='word_1_236' title='bbox 771 4052 920 4132; x_wconf 87' lang='lat' dir='ltr'>juventae,</span> <span class='ocrx_word' id='word_1_237' title='bbox 1000 4089 1003 4096; x_wconf 86' lang='lat'>·</span> 
     </span>
     <span class='ocr_line' id='line_1_33' title="bbox 149 4161 1017 4242; baseline -0.001 -18"><span class='ocrx_word' id='word_1_238' title='bbox 149 4174 195 4227; x_wconf 84' lang='lat'>100</span> <span class='ocrx_word' id='word_1_239' title='bbox 210 4163 295 4225; x_wconf 92' lang='lat' dir='ltr'>Illam</span> <span class='ocrx_word' id='word_1_240' title='bbox 318 4172 350 4223; x_wconf 87' lang='lat' dir='ltr'>ut</span> <span class='ocrx_word' id='word_1_241' title='bbox 370 4162 579 4242; x_wconf 87' lang='lat' dir='ltr'>subsequerer,</span> <span class='ocrx_word' id='word_1_242' title='bbox 601 4170 698 4224; x_wconf 88' lang='lat' dir='ltr'>terrae</span> <span class='ocrx_word' id='word_1_243' title='bbox 719 4162 798 4224; x_wconf 89' lang='lat' dir='ltr'>bona</span> <span class='ocrx_word' id='word_1_244' title='bbox 820 4163 899 4226; x_wconf 82' lang='lat' dir='ltr'>fluxa</span> <span class='ocrx_word' id='word_1_245' title='bbox 919 4161 1017 4223; x_wconf 88' lang='lat' dir='ltr'>valere</span> 
     </span>
     <span class='ocr_line' id='line_1_34' title="bbox 211 4271 994 4352; baseline -0.004 -17"><span class='ocrx_word' id='word_1_246' title='bbox 211 4272 301 4347; x_wconf 89' lang='lat' dir='ltr'>Jussi,</span> <span class='ocrx_word' id='word_1_247' title='bbox 325 4291 444 4352; x_wconf 91' lang='lat' dir='ltr'>qnoque</span> <span class='ocrx_word' id='word_1_248' title='bbox 466 4273 516 4335; x_wconf 91' lang='lat' dir='ltr'>illa</span> <span class='ocrx_word' id='word_1_249' title='bbox 538 4293 592 4334; x_wconf 91' lang='lat' dir='ltr'>usa</span> <span class='ocrx_word' id='word_1_250' title='bbox 614 4273 679 4346; x_wconf 87' lang='lat' dir='ltr'>luit,</span> <span class='ocrx_word' id='word_1_251' title='bbox 701 4291 750 4334; x_wconf 90' lang='lat' dir='ltr'>me</span> <span class='ocrx_word' id='word_1_252' title='bbox 771 4271 864 4334; x_wconf 89' lang='lat' dir='ltr'>vestis</span> <span class='ocrx_word' id='word_1_253' title='bbox 886 4271 994 4334; x_wconf 87' lang='lat' dir='ltr'>amictu</span> 
     </span>
     <span class='ocr_line' id='line_1_35' title="bbox 184 4382 1009 4463; baseline 0.01 -25"><span class='ocrx_word' id='word_1_254' title='bbox 184 4427 186 4438; x_wconf 55' lang='lat'>,</span> <span class='ocrx_word' id='word_1_255' title='bbox 211 4382 332 4456; x_wconf 91' lang='lat' dir='ltr'>lnclusi,</span> <span class='ocrx_word' id='word_1_256' title='bbox 355 4391 526 4463; x_wconf 86' lang='lat' dir='ltr'>sectamque</span> <span class='ocrx_word' id='word_1_257' title='bbox 549 4382 634 4462; x_wconf 83' lang='lat' dir='ltr'>sequi</span> <span class='ocrx_word' id='word_1_258' title='bbox 657 4392 816 4461; x_wconf 85' lang='lat' dir='ltr'>sectaeque</span> <span class='ocrx_word' id='word_1_259' title='bbox 837 4382 1009 4462; x_wconf 83' lang='lat' dir='ltr'>magistram</span> 
     </span>
    </p>
   </div>
   <div class='ocr_carea' id='block_1_3' title="bbox 211 4491 1136 4584">
    <p class='ocr_par' dir='ltr' id='par_1_7' title="bbox 211 4491 1136 4584">
     <span class='ocr_line' id='line_1_36' title="bbox 211 4491 1136 4584; baseline 0.004 -28"><span class='ocrx_word' id='word_1_260' title='bbox 211 4495 307 4584; x_wconf 86' lang='lat' dir='ltr'>Certa,</span> <span class='ocrx_word' id='word_1_261' title='bbox 330 4491 429 4573; x_wconf 89' lang='lat' dir='ltr'>palam</span> <span class='ocrx_word' id='word_1_262' title='bbox 450 4493 525 4554; x_wconf 81' lang='lat' dir='ltr'>rori.</span> <span class='ocrx_word' id='word_1_263' title='bbox 568 4493 607 4554; x_wconf 79' lang='lat' dir='ltr'>tt</span> <span class='ocrx_word' id='word_1_264' title='bbox 627 4510 701 4572; x_wconf 86' lang='lat' dir='ltr'>gens</span> <span class='ocrx_word' id='word_1_265' title='bbox 722 4491 791 4574; x_wconf 91' lang='lat' dir='ltr'>plus</span> <span class='ocrx_word' id='word_1_266' title='bbox 811 4492 889 4556; x_wconf 82' lang='lat' dir='ltr'>male</span> <span class='ocrx_word' id='word_1_267' title='bbox 912 4504 996 4558; x_wconf 85' lang='lat' dir='ltr'>sueta</span> <span class='ocrx_word' id='word_1_268' title='bbox 1017 4513 1136 4572; x_wconf 78' lang='lat' dir='ltr'>nocere,</span> 
     </span>
    </p>
   </div>
   <div class='ocr_carea' id='block_1_4' title="bbox 0 4 1622 5396">
    <p class='ocr_par' dir='ltr' id='par_1_8' title="bbox 0 4 1622 5396">
     <span class='ocr_line' id='line_1_37' title="bbox 0 4 1622 5396; baseline 0 0"><span class='ocrx_word' id='word_1_269' title='bbox 0 4 1622 5396; x_wconf 95' lang='lat' dir='ltr'> </span> 
     </span>
    </p>
   </div>
  </div>
 </body>
</html>
