3214 5400
902 473 1189 484 ...m-am—

333 529 392 592 lte
773 529 953 584 rurcrrcnu
971 531 1009 582 rr.

399 751 558 812 immernor
579 756 611 810 ut
632 749 736 816 matris
758 749 924 814 communis
946 765 1096 829 quemque
1119 747 1250 816 solerem

399 859 556 933 Fastidire,
578 867 667 940 atque
687 859 738 922 bic
759 859 836 926 adeo
858 857 1083 928 increbrescere
1104 854 1229 924 morbus

400 969 512 1048 Coepit,
535 977 567 1030 or
590 967 768 1044 occiderem,
792 969 873 1048 qued
895 975 944 1036 sat
964 985 1074 1034 norcrc
1097 967 1250 1034 &nenses

349 1087 381 1140 aa
398 1079 436 1140 Et
457 1079 494 1140 de
516 1077 603 1158 plebe
626 1097 740 1152 omnes,
764 1077 816 1157 qui
839 1078 1068 1158 Gompcnnrticn
1089 1095 1159 1140 rura

398 1187 623 1250 Concelebrant.
666 1187 740 1252 Nem
763 1187 925 1250 Ounnnrus
947 1203 1013 1265 ego,
1036 1195 1067 1250 ct
1087 1205 1173 1254 mene
1195 1186 1313 1265 turgide
1335 1189 1415 1252 rosto

397 1297 465 1362 Non
486 1298 575 1360 modo
597 1316 655 1372 me,
678 1306 708 1360 at
729 1304 855 1362 cunctos
877 1303 1033 1362 consortes
1056 1297 1086 1362 in
1108 1295 1185 1362 malo
1206 1314 1325 1362 mecum

399 1407 507 1482 Traxit,
530 1415 561 1470 et
581 1407 631 1470 hic
650 1407 783 1470 humeris
804 1407 880 1468 hoec
901 1421 995 1484 cogor
1015 1405 1151 1486 pondera
1173 1406 1251 1472 terre

400 1516 445 1579 Ob
469 1518 585 1590 lastrrm,
609 1515 705 1580 donec
726 1533 867 1596 supremo
890 1514 989 1582 debita
1010 1515 1083 1594 regi,

348 1634 382 1686 uu
399 1627 523 1701 Quando
546 1627 575 1688 id
597 1625 723 1705 neglexi,
745 1626 776 1690 in
798 1624 886 1690 terris
908 1624 979 1690 dum
999 1625 1058 1690 rita
1079 1624 1225 1698 manebo,

398 1737 517 1800 Scirem
538 1736 695 1800 defunctos
717 1735 806 1798 inter.
851 1733 902 1800 Sic
923 1752 976 1796 ore
997 1734 1169 1814 loquentem

398 1846 481 1908 lbam
503 1845 666 1920 auditurus,
689 1843 821 1908 demissa
841 1844 879 1910 ed
900 1851 1024 1928 pectora
1046 1845 1155 1920 fronte,

400 1957 534 2020 cernuus
557 1963 644 2034 atque
667 1971 703 2016 ex
723 1953 773 2017 his
794 1971 882 2028 uuus,
905 1971 967 2018 nou
989 1954 1046 2016 istc
1067 1952 1194 2026 locutus,

398 2065 536 2127 Pondere
558 2063 614 2126 sub
634 2063 758 2144 proprio
780 2063 907 2142 pariter
928 2081 981 2128 sca
1002 2071 1083 2142 terga
1104 2072 1267 2143 premerere,

348 2178 382 2233 ca
400 2175 439 2237 Se
461 2175 596 2237 distorsit
616 2191 723 2254 meque
745 2173 913 2252 inspectum
934 2173 1062 2250 agnovit,
1085 2179 1116 2238 et
1137 2191 1226 2252 aegre

398 2285 524 2347 Lumina
544 2285 601 2346 lixa
621 2291 726 2348 terem
747 2301 795 2348 me
816 2281 938 2346 nominc
960 2282 1156 2361 compellarit,

400 2393 532 2474 Corpore
555 2395 605 2473 qui
626 2401 688 2458 toto
711 2393 851 2460 incurvus
874 2391 1037 2456 comitabor
1057 2404 1172 2458 cuntes.

441 2505 522 2566 llixi:
545 2503 630 2564 Tunc
651 2521 694 2576 es,
717 2501 855 2588 Onsnrsr,
877 2509 910 2566 tn
932 2501 1025 2580 gloria
1045 2503 1142 2581 prime

401 2609 526 2690 Gugubl,
550 2613 622 2676 artis
644 2613 751 2686 honor,
772 2613 822 2682 ¹cui
835 2612 966 2677 'ductum
987 2630 1005 2674 o
1026 2611 1139 2678 lumine
1161 2631 1271 2680 nomen

349 2729 382 2780 70
400 2723 492 2788 Gallia
512 2719 653 2786 donarit?
677 2721 716 2768 -'
738 2722 848 2794 Frater,
874 2727 976 2790 contro
997 2721 1103 2802 incipit
1123 2722 1183 2796 ille,

399 2832 470 2894 Plus
492 2832 590 2895 rident
612 2833 741 2905 chartae,
763 2850 836 2911 quos
859 2830 955 2910 pinxit
975 2831 1095 2898 dextera
1116 2833 1226 2900 usuro

399 2943 552 3004 Faustum.
595 2941 680 3004 Nunc
702 2949 783 3004 totus
804 2941 903 3005 honor
924 2941 1090 3008 servabitur
1111 2943 1180 3021 ipsi,

399 3052 539 3125 Quemvis
562 3059 591 3114 et
611 3069 683 3130 pars
704 3052 771 3130 ipse
792 3049 846 3114 lui.
876 3050 974 3117 ,Haud
995 3059 1093 3117 nmen
1115 3052 1180 3132 ipse
1203 3053 1329 3119 inissem

398 3163 472 3225 Tam
492 3162 591 3240 largus
612 3161 695 3224 viros
716 3161 805 3223 inter.
847 3159 894 3222 Mc
916 3167 995 3224 tenta
1017 3162 1126 3242 cupido

347 3281 380 3334 75
397 3271 441 3334 ad
464 3290 593 3334 summas
616 3270 689 3338 artis
711 3269 880 3334 stimulabat
900 3270 1022 3337 rendere
1044 3272 1158 3345 laudes,

398 3382 478 3456 Quas
499 3380 738 3460 prospectabam.
781 3380 891 3442 Verum
912 3380 968 3444 ista
991 3381 1132 3461 superbia
1153 3399 1268 3461 poenas

397 3491 453 3552 liic
474 3491 531 3563 dat,
556 3489 697 3553 stimmo
720 3491 816 3558 lorem
836 3489 942 3567 procu
962 3490 1041 3566 hinc,
1064 3492 1096 3556 ni
1116 3499 1252 3571 tempore
1273 3491 1305 3554 in
1327 3491 1389 3567 ille,

398 3601 464 3673 Quo
486 3606 621 3680 poteram
643 3618 710 3662 esee
733 3617 856 3672 nocens,
879 3615 1041 3684 conversus
1062 3609 1184 3681 pectore
1206 3609 1269 3666 toto

397 3709 519 3772 Caelum
541 3727 721 3773 exorassem.
767 3708 813 3770 Oh
835 3708 985 3775 homones
1004 3711 1098 3788 gloria
1119 3729 1193 3776 rene

344 3827 380 3881 8⁰
396 3819 527 3892 Virtutis,
550 3837 639 3898 quam
661 3819 718 3880 llos
740 3826 786 3880 est
806 3817 937 3882 tantulus
958 3819 1008 3882 ille
1031 3820 1169 3894 caducus,

395 3929 432 3990 Ni
454 3935 569 4008 premat
590 3936 700 3994 aetates
720 3936 860 3991 venturas
882 3928 1015 3992 crassior
1035 3929 1102 3994 adri

396 4038 475 4104 Nulli
497 4057 530 4102 se
552 4037 684 4100 Crassos
706 4055 861 4100 cessurum
883 4045 981 4102 cestra
1001 4040 1115 4119 putarit

396 4148 540 4220 Picturae
564 4147 618 4208 sed
639 4163 719 4208 nuuc
740 4145 764 4208 it
785 4155 890 4212 cuncta
911 4167 967 4227 per
988 4167 1040 4216 ora
1062 4150 1223 4224 Gurorros,

396 4255 479 4318 lllius
501 4265 533 4318 ut
553 4257 662 4320 lamam
684 4254 839 4321 obscuret:
862 4258 907 4320 sic
928 4257 1005 4324 eltor
1024 4259 1170 4326 bonorem

346 4376 380 4432 85
397 4365 528 4440 Linguae
550 4373 687 4430 narratur
708 4365 818 4430 Gurons
841 4367 978 4445 rapuisse
999 4369 1103 4448 priori,

397 4474 533 4552 Forsque
554 4476 733 4556 supervenit,
755 4475 807 4554 qui
828 4475 898 4541 nido
921 4477 1049 4558 expellat
1067 4486 1236 4559 utrumque.

1504 4600 1506 4633 Ι
1600 4643 1601 4650 ,
