3362 5414
280 505 376 651 ΓἋ
780 556 975 608 tursuttoutnt
991 556 1028 606 Vl.

279 831 281 858 ,
401 777 566 842 dehemus.
611 777 736 840 Stabant
758 777 807 839 hic
830 795 934 840 omues
957 776 1089 857 undique
1111 785 1231 849 stratae,

326 889 383 946 ‘dd
400 888 527 949 Tantum
550 907 608 948 une
631 895 770 966 excepto,
793 905 869 967 quse
891 903 958 948 mox
980 905 1014 948 se
1036 895 1187 948 arrexerst
1209 894 1306 966 etque,

389 998 438 1060 'Ut
459 1007 515 1059 nos
536 997 682 1058 intrantes
702 997 789 1069 vidit,
813 1016 846 1058 se
868 996 900 1058 iu
922 996 993 1058 sede
1015 995 1133 1058 locevit.

279 1115 281 1159 t
399 1131 402 1137 ·
443 1107 502 1180 Tu,
526 1106 577 1186 qui
599 1125 654 1187 per
675 1107 766 1168 velles
788 1105 925 1168 Plutonis
947 1105 1066 1168 duceris
1088 1105 1172 1178 istus,

399 1217 445 1284 tte
467 1217 651 1287 internosoe‚
676 1215 787 1296 inquit,
810 1216 837 1277 si
860 1214 931 1276 scis.
976 1214 1042 1277 'libi
1066 1215 1140 1289 vite,
1164 1215 1339 1295 priusquam

399 1327 446 1390 lle
468 1345 549 1388 mors
571 1327 752 1398 destrueret,
776 1343 901 1406 superne
924 1324 980 1388 luit
1002 1324 1081 1387 editu
1104 1324 1135 1386 iu
1157 1343 1236 1388 orus.

349 1442 383 1494 tu
399 1436 475 1498 Huic
496 1454 552 1515 epo
575 1435 735 1517 respondi:
760 1435 870 1518 Quiote
892 1434 938 1497 sic
960 1434 1082 1496 coniicit
1103 1452 1208 1513 angor,

277 1599 280 1621 ,
399 1547 450 1608 Sic
471 1565 488 1606 a
509 1555 609 1608 mente
631 1545 704 1608 milri
728 1557 756 1608 te
778 1546 856 1608 torte
877 1544 1014 1617 obducit,
1036 1554 1070 1606 ut
1092 1563 1223 1624 unquam

277 1630 280 1709 i
398 1654 484 1717 Haud
507 1664 535 1717 te
559 1655 655 1718 oeulis
675 1655 779 1717 ridear
799 1655 921 1717 vidisse.
965 1656 1002 1716 lt
1024 1655 1087 1716 lere
1109 1653 1252 1726 vicissim,

400 1765 459 1838 Qui
481 1765 539 1839 sis,
562 1773 711 1828 tentorum
734 1765 784 1844 qui
808 1765 839 1826 in
861 1764 958 1827 tristis
981 1764 1075 1828 lustra
1096 1763 1242 1826 melorum

397 1874 507 1936 Missus
530 1895 577 1947 es,
601 1893 636 1936 ec
654 1875 759 1956 jussus
782 1883 840 1936 tarn
863 1875 959 1936 dirum
980 1874 1113 1954 pendere
1134 1891 1272 1954 poenum,

348 1995 381 2050 tt
399 1985 450 2057 tn,
474 1984 500 2046 si
523 1985 595 2065 quid
617 1985 729 2066 majus,
746 1984 795 2046 nil
816 1984 857 2046 sit
878 1983 1014 2047 odiosius
1037 1980 1122 2046 istu?

397 2097 494 2175 Atque
515 2095 591 2157 haec
613 2113 776 2157 conversus
798 2103 916 2168 contre,
939 2095 986 2157 lle
1008 2093 1134 2156 lloridus
1155 2094 1265 2164 dunos,

398 2205 451 2268 llle
473 2206 580 2280 refert,
603 2205 706 2284 genuit
727 2216 837 2285 tueque
858 2205 931 2267 urbs
952 2205 1066 2284 replete
1087 2219 1202 2264 veneno
1249 2206 1253 2214 ’

397 2314 529 2376 luridiec
552 2323 649 2388 unte,
671 2325 705 2377 ut
725 2333 872 2396 superous
895 2315 984 2395 pleno
1006 2313 1109 2375 ellluet
1130 2311 1223 2384 alveo,

398 2423 443 2485 lle
466 2424 562 2486 tenuit
582 2442 700 2496 secum,
722 2425 793 2486 dum
815 2425 918 2486 arrisit
936 2423 996 2485 ritn
1018 2441 1135 2486 serens.

348 2545 382 2600 nc
401 2534 457 2594 Vns
479 2533 653 2613 appellastis
676 2533 756 2596 cives
777 2553 827 2597 me
848 2534 969 2596 nomine
990 2535 1124 2606 Porcus,

397 2643 486 2729 Quod
509 2642 633 2706 dederat
654 2644 796 2706 damnosa
820 2645 905 2722 gulae
927 2644 1000 2706 milri
1023 2644 1130 2724 culpe3
1153 2641 1211 2704 sub
1233 2641 1327 2704 imbre

398 2754 545 2832 Frengon
568 2761 602 2815 ut
623 2754 689 2833 ipse
712 2754 805 2818 rides.
850 2755 910 2816 Sed
933 2773 992 2816 uon
1016 2771 1071 2832 ego
1095 2753 1178 2815 solus
1200 2752 1233 2814 in
1254 2751 1313 2814 isto
1377 2815 1384 2828 ,
1486 2747 1524 2808 ·²

399 2863 570 2944 supplicio,
594 2874 624 2925 nt
645 2863 774 2927 similem
796 2865 835 2926 ob
857 2883 964 2926 norem
985 2863 1100 2942 mugire
1121 2862 1237 2924 ridebis

398 2973 460 3034 llos
483 2993 598 3036 omues.
642 2973 693 3036 Sic
716 2975 757 3046 is,
780 2992 841 3036 non
863 2973 951 3036 rrltrn
994 2974 1057 3052 Ego
1079 2973 1294 3035 tnlibusillum

347 3091 381 3146 55
398 3084 576 3162 Aggredior:
600 3083 692 3145 Dolor
713 3084 771 3146 iste
792 3083 861 3146 tuu's
883 3102 931 3144 me
954 3083 995 3144 ite
1016 3093 1208 3163 praegravet,
1230 3090 1264 3144 ut
1285 3101 1334 3144 rne

397 3193 513 3271 Lugere
534 3194 679 3256 hortetur.
724 3195 783 3256 Sed
806 3193 871 3266 dic,
895 3193 921 3254 si
943 3202 990 3255 est
1012 3192 1090 3254 scire
1111 3201 1260 3272 potestas:

399 3303 465 3376 Quo
488 3303 569 3364 cives
590 3303 674 3365 urbis
696 3304 796 3367 studia
817 3304 849 3365 iu
872 3302 1023 3366 contrarie
1043 3301 1157 3364 scissae

396 3410 581 3475 lievenientl
602 3414 679 3476 Num
701 3415 769 3495 quis
787 3411 912 3496 justus?
932 3414 975 3476 lis
998 3412 1116 3474 discere
1138 3431 1307 3498 censetur,⁴

398 3523 457 3585 Cur
478 3524 555 3585 hunc
577 3524 704 3586 dissidio
726 3525 837 3588 invasit
857 3523 1009 3586 discordie
1031 3531 1125 3585 toute

347 3634 380 3686 0⁰
439 3634 468 3694 ls
491 3633 577 3694 nrihi:
601 3635 740 3696 defuncti
760 3634 851 3714 longo
873 3633 1036 3696 certamine
1058 3634 1096 3696 nd
1117 3651 1199 3695 srme

397 3745 597 3816 Concurrent,
621 3744 817 3823 caedemque,
841 3753 871 3805 et
891 3761 961 3823 pers
984 3743 1119 3805 silvatico
1139 3750 1257 3822 portem

396 3852 557 3914 Adversum
580 3854 657 3916 mele
678 3853 836 3914 mulcetem
860 3851 1020 3933 compellet
1042 3853 1137 3914 ubire.

276 3945 278 4044 i
396 3964 472 4023 Ante
494 3962 547 4023 sed
570 3963 713 4026 occiduus
736 3981 825 4043 wem
847 3962 958 4024 trinum
979 3962 1143 4043 expleuerit
1163 3962 1267 4025 orbem

276 4045 279 4162 i
398 4073 464 4144 Sol,
487 4091 564 4152 opus
585 4082 647 4146 cst,
672 4083 703 4136 ut
725 4073 843 4152 etipse
865 4073 966 4146 cadet,
989 4091 1060 4153 pers
1083 4072 1174 4146 altere
1197 4078 1331 4154 praestet

276 4172 279 4276 l
348 4186 380 4238 ot
398 4182 492 4244 Unius
514 4182 639 4256 auxilio,
664 4183 716 4264 qui
737 4201 817 4244 nnec
838 4201 871 4244 se
894 4182 980 4261 lingit
1001 4182 1152 4256 amicum

276 4327 279 4404 4
398 4293 578 4373 Attolletque
600 4294 652 4356 diu
673 4294 804 4365 frontes,
828 4301 859 4354 et
879 4293 1013 4372 pondero
1034 4293 1110 4356 duro

398 4402 556 4466 Victricem
579 4412 711 4482 premet,
733 4403 809 4465 neec
831 4398 1009 4482 menstruum
1031 4402 1225 4482 indolentque
1247 4403 1424 4482 imasque.

396 4513 473 4575 lusti
497 4523 565 4575 suut
585 4513 665 4587 hini,
688 4523 719 4576 et
740 4531 830 4576 nemo
852 4520 921 4583 est„
936 4513 990 4592 qui
1010 4513 1180 4574 commodet
1200 4529 1288 4576 erres

277 4605 480 4726 'lc-..m
904 4608 1522 4732 *A
