3214 5400
77 487 199 582 s—
563 539 744 590 runctroun
762 539 797 590 u.
817 573 822 584 .
1186 539 1243 602 tot

86 632 367 640 ...κιο-’,ψ
1056 633 1293 642 ——-—-—--

78 739 79 750 ἵ
140 773 169 823 ltt
186 759 341 836 Quemque
364 766 451 818 tuens
473 757 568 820 octssis
591 763 678 836 atque
700 757 830 836 undique
854 757 1114 837 circumspectans,

184 869 335 947 Multaque
357 867 535 946 promittens
558 886 574 927 a
597 866 712 928 cunctis
733 865 809 928 liber
830 866 955 930 abibam.
1039 849 1047 868 ⁸

94 1062 98 1066 Ι
228 978 284 1039 llic
306 978 475 1046 Anemuri,
499 976 551 1054 qui
573 975 629 1036 sub
651 976 712 1036 iera
734 975 853 1037 brachia
875 973 963 1038 Gnrru

186 1088 227 1148 lle
250 1087 350 1147 Tnooo
374 1085 528 1156 occubuit,
550 1085 625 1158 vidi,
649 1084 760 1164 quique
782 1085 890 1164 impete
913 1101 1005 1146 coeco

186 1197 297 1260 Hostes
320 1196 390 1256 dum
412 1195 595 1274 insequitur,
619 1194 788 1274 subjectum
810 1193 912 1273 lapsus
934 1195 963 1256 iu
987 1214 1101 1258 amnem

141 1321 169 1372 15
186 1305 351 1370 Intercluso
373 1305 470 1368 anima
491 1304 587 1382 periit.
631 1305 688 1366 llic
709 1323 776 1366 cum
798 1323 887 1382 prece
909 1303 1017 1366 blanda

187 1415 332 1476 Attollens
355 1415 468 1493 palmus
490 1415 649 1476 Fnronrous
673 1422 813 1492 utrasque
835 1413 1003 1482 Novntcus.

188 1526 249 1586 Neo
272 1543 332 1585 non
354 1523 480 1586 Prssuos
503 1531 643 1595 testatus,
666 1530 787 1602 pectore
810 1523 879 1585 lorti

187 1635 368 1698 llanzuccuu
391 1632 553 1696 eminuisse
575 1631 703 1704 honum,
726 1633 876 1706 tardabam
899 1641 929 1694 et
950 1632 1021 1694 Unsr

187 1743 253 1805 Vidi
276 1743 403 1806 animem
425 1742 559 1815 comitis3
583 1741 792 1822 disjunctaque
815 1760 941 1820 corpore
963 1742 1001 1802 ob
1024 1742 1097 1803 iram

140 1867 172 1917 to
188 1853 283 1932 Atque
306 1871 406 1914 acrem
428 1852 581 1924 invidiam,
605 1852 682 1912 sicul
703 1852 834 1922 dicebat,
857 1859 886 1912 at
907 1850 967 1916 ulla

188 1963 309 2041 Absque
332 1981 385 2024 sna
408 1961 509 2039 culpa,
532 1960 620 2023 nobis
643 1961 739 2024 anima
761 1961 851 2022 altera
871 1961 951 2022 venit

189 2073 291 2134 Obvia.
335 2071 397 2149 llgo
419 2070 541 2133 Purattu
563 2071 757 2132 Rsaccuusnu
780 2071 860 2134 bunc
882 2088 950 2132 esse
971 2068 1111 2133 monebo.

188 2188 283 2261 Atque
306 2179 356 2240 bic
377 2188 566 2260 praecaveat,
590 2166 729 2260 superest
751 2181 820 2242 dum
842 2180 914 2249 vita,
937 2180 1091 2242 unsrun

189 2293 316 2369 Regina,
340 2310 374 2351 ac
395 2291 509 2358 videat,
533 2309 571 2350 ne
592 2290 678 2369 pejor
700 2309 732 2352 se
755 2297 872 2352 moneat
893 2305 972 2365 grex.

140 2409 171 2461 25
230 2401 318 2464 Omni
341 2419 388 2464 me
410 2409 569 2479 postquam
592 2399 714 2462 dissolvi
737 2400 869 2461 exercitu
890 2417 991 2460 earum
1143 2481 1147 2490 .

187 2511 363 2573 Umbrarum
386 2517 538 2580 orantum,
561 2518 594 2570 ut
614 2510 748 2588 requiem
770 2509 827 2574 sibi
850 2508 984 2587 supplice
1006 2528 1078 2572 voce

190 2621 318 2682 Orarent
339 2619 409 2691 alii,
433 2618 471 2680 ob
494 2638 582 2698 quam
605 2620 715 2682 sanctis
737 2639 804 2680 esse
827 2618 928 2679 liceret

191 2731 300 2800 Ocius
323 2730 373 2790 bic
395 2729 496 2807 coepi:
521 2728 544 2789 0
567 2747 633 2790 mea
654 2729 718 2801 lux,
742 2729 882 2790 docuisse
903 2729 1019 2788 videtur

191 2841 320 2901 Omnino
343 2847 392 2900 tua
413 2839 495 2902 Musa
517 2839 584 2898 loco
607 2857 667 2900 non
689 2857 780 2917 posse
802 2839 952 2916 precando

142 2960 173 3009 3⁰
189 2951 260 3012 Fata
282 2950 335 3010 Dei
358 2949 453 3020 llecti3
476 2957 574 3012 tomen
596 2948 626 3008 itl
649 2966 720 3026 gens
743 2949 800 3008 ista
822 2947 954 3024 rogabat.

190 3061 313 3120 Frustra
336 3077 406 3135 ergo
428 3058 459 3118 hi
481 3054 626 3136 sperent?
648 3056 691 3118 Au
714 3076 775 3118 non
798 3057 873 3118 bene
897 3057 1007 3135 scripta
1028 3064 1185 3134 patescunt

190 3171 229 3230 lli
251 3165 323 3240 tua?
346 3201 386 3212 -
408 3171 445 3230 At
467 3168 493 3228 is
517 3175 634 3229 contra:
658 3167 689 3228 Si
713 3165 952 3244 contemplabere
975 3185 1046 3226 sano

190 3281 262 3340 Rem
286 3279 404 3357 penitus
426 3285 540 3348 mente,
564 3284 610 3338 est
632 3276 727 3338 lacilis
749 3275 915 3354 plenusque
938 3294 1071 3336 meorum

191 3389 378 3467 Scriptorum
401 3405 524 3456 sensust,
547 3404 644 3468 neque
667 3405 719 3448 eos
742 3403 812 3463 spes
835 3383 910 3445 ludit
932 3383 1039 3446 inanis.

32 3565 38 3582 ,
77 3500 80 3528 ¹
143 3509 173 3560 35
190 3499 323 3576 Namque
345 3497 423 3558 haud
447 3496 602 3558 descendit
622 3496 763 3576 majestas
786 3513 900 3555 summa
923 3494 1045 3572 superni

77 3541 80 3729 A
189 3608 315 3678 ludicii,
339 3607 409 3669 dum
431 3607 521 3667 corda
541 3623 634 3667 urens
655 3607 700 3666 vis
724 3605 809 3680 ignea
831 3604 940 3664 amoris

191 3717 255 3778 Uno
278 3717 339 3778 ictu
361 3716 507 3786 absolvat,
532 3715 610 3793 quod
630 3715 735 3795 jussus
758 3713 872 3774 solvere
895 3713 992 3782 debet,

193 3827 369 3904 Quicunque
392 3827 440 3886 bic
463 3824 599 3887 stabulet.
644 3823 703 3886 Sed
725 3832 757 3884 ut
779 3831 825 3884 est
845 3823 1006 3892 sententia,
1030 3841 1116 3882 nemo

192 3936 274 3998 Vitae
298 3917 601 3998 emendabat'veteris
623 3934 777 3994 malefacta
800 3915 967 4011 precantloi

143 4047 326 4124 tollamque
349 4046 409 4106 lleo
433 4045 611 4106 immensum
634 4044 804 4124 sejunxerat
825 4042 1009 4104 intervallum

194 4154 344 4215 Orantem.
388 4155 425 4215 At
448 4173 517 4216 vero
540 4153 629 4214 tantis
653 4152 780 4216 obducta
801 4152 932 4213 tenebris

192 4264 274 4324 Dicta
296 4281 401 4326 arcane
423 4263 495 4326 mibi
517 4282 555 4324 ne
579 4263 703 4324 obfirma
726 4271 805 4326 certa
826 4271 938 4340 putare,

192 4373 228 4433 tti
249 4373 334 4452 prius
357 4374 386 4434 id
409 4375 528 4442 doceat,
554 4392 630 4451 quae
652 4373 701 4434 lux
723 4373 812 4434 micat
834 4372 912 4432 inter
933 4378 1086 4449 utramque

192 4483 260 4542 Veri
282 4482 431 4560 animique
454 4483 548 4544 lacem
572 4481 678 4542 nostri.
722 4484 816 4560 Atque
839 4481 887 4544 hic
911 4481 1030 4551 nescio,
1053 4500 1090 4541 sn
1113 4481 1191 4543 istud

76 3737 79 3946 t

1304 4573 1307 4666 l

1101 4667 1307 4696 ——-—-J
