3236 5394
343 561 404 628 122
753 563 947 614 rutundorum
963 563 1052 614 mit.

342 789 390 841 120
406 781 540 844 hioidem
562 783 725 862 quondm,
749 783 904 844 ductorem
926 783 1047 844 sustulit
1068 785 1155 846 uinis.

448 891 486 952 Ut
506 910 573 954 sese
595 911 738 971 prensum
760 893 867 965 sensit,
891 892 963 954 mihi
986 893 1054 956 talia
1075 895 1153 956 tatur

407 1001 584 1064 Micciades:
607 1003 707 1064 isthuc
729 1003 853 1076 accede,
878 1009 961 1064 utto
983 1021 1102 1084 quoque
1123 1003 1283 1082 prendom:

406 1111 479 1172 Dein
502 1112 546 1172 sic
567 1112 682 1184 effecit,
705 1113 780 1173 issei
800 1119 834 1174 ut
854 1111 1062 1188 glomeraverit
1084 1113 1145 1187 oui,

407 1221 495 1288 Sese.
518 1239 635 1300 meque.
678 1220 763 1282 Velut
784 1221 840 1282 sub
861 1231 959 1300 porte,
982 1221 1034 1284 ubi
1056 1241 1150 1302 prona
1173 1223 1290 1284 videtur

341 1331 697 1404 recommendamus,
720 1331 746 1392 si
769 1331 887 1408 quaudo
910 1349 945 1392 es
966 1331 1086 1394 aethere
1108 1333 1259 1412 idipsam

405 1441 559 1502 Incumbet
579 1441 688 1512 nubes,
712 1447 744 1502 ut
765 1447 867 1502 eontra
889 1440 1018 1519 pendeat
1039 1441 1111 1515 iiia3

405 1551 539 1613 hursuus
562 1551 634 1612 mihi
655 1549 723 1612 tsiis
746 1557 823 1624 erut,
846 1550 917 1612 dum
937 1550 1029 1612 mtdto
1050 1553 1198 1625 morabar,

406 1659 570 1724 Clioantem
593 1667 732 1740 spectans
754 1666 834 1722 muto
856 1677 889 1722 se
910 1660 989 1721 moie
1011 1661 1169 1739 gigantem.

405 1769 467 1831 Nec
488 1770 580 1831 semel
603 1770 718 1842 euenit,
740 1769 889 1830 diversum
910 1777 943 1830 ut
965 1789 1108 1848 quaerere
1130 1770 1236 1832 callem

341 1881 388 1934 lto
406 1879 557 1960 Optarim3
579 1879 633 1940 sed
655 1897 712 1940 uos
733 1879 824 1940 imum
845 1897 939 1959 prope
961 1880 1092 1942 fluminis
1115 1881 1230 1942 circum

378 2051 381 2066 ,
405 1989 548 2068 Deposuit
568 1989 685 2062 ieviter,
709 1989 811 2068 Cocyti
831 1989 882 2050 uhi
904 1997 1008 2066 stagna
1030 1990 1170 2069 profundi

404 2099 576 2161 Luciferum
594 2100 761 2178 iudamque
783 2107 895 2162 vorant.
938 2099 994 2161 iiic
1015 2099 1095 2160 nulia
1117 2100 1256 2162 manendi

404 2209 466 2287 ipsi
488 2227 592 2271 caussa
613 2209 670 2270 tuit
690 2209 735 2271 sic
757 2226 862 2281 curvo,
885 2217 933 2270 ast
954 2209 1070 2272 arboris
1092 2208 1187 2272 instar

404 2317 565 2392 veliterue,
588 2319 709 2380 immani
731 2336 764 2379 se
785 2319 895 2380 mrexit
916 2335 1043 2398 corpore
1064 2319 1095 2380 iu
1117 2318 1218 2380 altum

868 2575 997 2661 XXXII.

448 2757 480 2818 Si
501 2756 574 2818 mibi
595 2757 640 2818 sic
660 2774 782 2836 asprum
802 2773 986 2836 raucumque
1008 2757 1184 2820 sonantibus
1207 2757 1250 2819 uti

404 2868 460 2928 Fas
484 2875 564 2928 esset
585 2867 731 2939 numeris,
753 2873 787 2927 ut
808 2867 1013 2929 convenientia
1034 2867 1113 2930 tristi

405 2977 540 3038 Carmina
562 2984 778 3056 concreperent
798 2976 956 3049 barathro,
978 2977 1010 3038 iu
1033 2977 1113 3056 quod
1135 2975 1268 3055 pondere
1290 2994 1380 3055 rupes

404 3087 533 3150 Cunctae
556 3085 632 3148 aiiue
653 3087 792 3166 tendum,
814 3105 889 3148 uena
910 3086 1003 3164 magis
1026 3086 1117 3148 ubere
1140 3103 1262 3148 succum

232 3213 236 3226 ·
370 3195 605 3276 5Exprimerem
626 3195 751 3270 meotis3
774 3196 828 3258 sed
849 3196 900 3258 ubi
922 3203 968 3258 est
989 3195 1061 3258 mibi
1084 3196 1168 3274 copia
1191 3194 1281 3266 uuila,

402 3307 471 3369 Fari
492 3306 571 3367 haud
593 3305 707 3384 absque
729 3316 809 3368 metu
830 3306 1002 3383 aggredior:
1025 3323 1082 3368 uec
1103 3324 1192 3384 paruo
1213 3305 1337 3378 videtur,

403 3417 532 3494 Dignave
554 3434 603 3476 res
625 3416 719 3487 risus,
742 3424 794 3477 aut
813 3416 933 3477 uomina
954 3415 1041 3478 baiba
1062 3423 1220 3495 pareutum

403 3525 555 3601 Fiugeotis
576 3524 708 3602 liuguae,
731 3525 877 3596 medium,
900 3525 932 3586 io
954 3526 1034 3604 quod
1056 3526 1161 3588 nititur
1183 3543 1280 3596 omne,

403 3634 575 3712 Desigoare.
619 3635 679 3696 Sed
699 3635 780 3696 hunc
801 3635 974 3698 doctissima
994 3635 1081 3696 turbs
1104 3653 1242 3696 sororum

355 3758 387 3809 ιο
402 3745 471 3824 ipsa
492 3745 574 3825 juvet
593 3761 728 3816 versum,
752 3761 827 3822 quae
848 3745 1014 3823 Amphiona
1036 3745 1173 3808 claudere
1196 3743 1315 3806 Thebas

403 3853 535 3915 Molitum
557 3853 665 3916 auxilio
683 3853 772 3934 juvit,
797 3873 835 3916 ue
857 3853 988 3916 carmina
1009 3854 1100 3916 rebus

403 3964 589 4026 Discordeot
614 3995 652 4008 -··
675 3963 699 4024 0
721 3962 806 4042 plebs
828 3965 973 4028 humanae
994 3964 1126 4044 pessima
1147 3963 1254 4041 gentis,

405 4074 488 4147 Quae
509 4073 598 4136 sedes
619 4073 752 4146 habitos,
775 4092 850 4152 quas
872 4080 920 4136 est
940 4074 1111 4136 describere
1133 4074 1248 4144 durum,

403 4183 553 4244 Proicerit
573 4183 678 4244 meiius
699 4182 784 4246 vobis
806 4184 954 4263 pecudum
976 4192 1063 4264 atque
1086 4201 1241 4261 caprarum

356 4295 387 4348 15
403 4292 496 4353 isthic
518 4301 599 4354 sorte
621 4293 705 4354 datos
727 4291 841 4354 animas
863 4294 1028 4372 sumpsisse
1050 4292 1190 4372 repostis.

445 4401 606 4480 Postquam
628 4402 750 4464 demissi
771 4402 803 4464 ic
826 4409 948 4482 puteum
969 4402 1142 4465 devenimus
1164 4409 1270 4473 auum,

404 4509 465 4573 Sub
487 4510 613 4590 pedihus
634 4512 752 4592 Lybici,
774 4512 807 4574 io
827 4512 920 4576 multo
942 4513 1084 4576 interiora
1106 4511 1239 4574 iocorum
