3362 5414
661 595 663 600 ι
779 515 973 568 iNFERNORUM
990 515 1021 567 ΙΙ.

403 735 449 797 Tu
470 735 516 798 sir
538 755 570 798 es
593 735 730 816 ingenio,
753 744 783 798 et
804 735 969 818 praevenis
992 733 1072 798 dicta
1092 735 1253 816 loquentis.

350 855 385 911 aa
402 845 440 908 Et
462 845 574 928 qualis,
597 845 648 928 qui
669 856 740 927 post
760 846 874 920 renuit,
898 844 924 908 si
947 865 1004 926 qua
1028 851 1096 906 ante
1117 845 1243 919 volebat,

402 956 629 1038 Propositisque
650 954 735 1018 novis
757 963 906 1034 permutat
926 954 1037 1036 prima,
1060 962 1201 1036 retroque

403 1065 479 1126 'iota
501 1072 600 1128 mente
621 1064 725 1128 abiens
748 1064 885 1126 absistit:
909 1064 954 1126 sic
975 1082 1031 1143 ego
1053 1063 1084 1126 in
1107 1064 1157 1128 illo

402 1174 580 1238 Restiteram
602 1176 749 1238 obscurus
772 1173 865 1247 saltu,
888 1181 976 1254 atque
999 1173 1049 1236 hic
1070 1175 1162 1238 multa
1183 1176 1321 1240 volutans

403 1284 535 1347 Consilia
557 1284 679 1364 inceptu
698 1291 760 1347 tam
782 1283 922 1348 testinata
943 1283 1061 1364 reliqui.

352 1399 386 1452 4ο
445 1394 623 1474 Magnanimi
646 1402 717 1456 tnnc
739 1393 790 1456 illa
811 1393 868 1456 viri
890 1393 934 1456 sic
956 1393 1060 1456 umbra
1081 1394 1180 1458 locuta
1202 1403 1264 1458 ost:

404 1503 436 1567 Si
457 1503 535 1567 bene
556 1511 586 1566 te
607 1503 721 1577 audivi,
744 1503 864 1566 excordi
886 1521 970 1564 mens
992 1502 1074 1566 laesa
1095 1503 1202 1568 timore

402 1614 543 1688 Kettos,
566 1632 658 1694 saepe
678 1612 832 1676 hominem
852 1612 903 1693 qui
924 1612 1001 1675 ludit
1022 1612 1151 1692 imagine
1173 1613 1255 1678 inani

404 1724 468 1798 Sic,
490 1732 524 1786 ut
545 1723 693 1786 honorato
716 1722 866 1804 trepidum
887 1723 1028 1786 deflectat
1048 1723 1085 1785 ab
1107 1743 1191 1798 auso,

404 1835 465 1898 Ceu
487 1834 575 1896 fallax
597 1851 665 1917 corp
685 1833 767 1894 visus
789 1851 899 1914 equum
919 1832 1081 1895 tormidine
1102 1841 1204 1896 terret

352 1943 386 1998 45
403 1943 466 2006 Hac
487 1943 620 2008 animum
641 1951 675 2005 nt
696 1943 793 2006 solvas
815 1959 900 2016 cura,
924 1961 1004 2005 nunc
1025 1941 1126 2006 dicere
1147 1952 1259 2023 aperte,

405 2054 488 2127 Quae
510 2053 551 2117 sit
572 2073 678 2117 caussa
699 2053 780 2126 riae,
794 2052 961 2134 incipiam,
985 2071 1121 2133 quaeque
1143 2053 1264 2116 auribus
1286 2054 1352 2136 ipse

402 2163 568 2238 iudicum,
591 2171 642 2236 tua
664 2183 732 2227 cum
753 2163 899 2226 miserans
920 2161 1093 2236 discrimina
1116 2164 1195 2226 ucri.

290 2327 303 2354 ,
404 2274 526 2336 Stabam
546 2291 711 2354 suspensos
733 2272 829 2345 iuter,
851 2272 1016 2354 mulierque
1037 2273 1124 2336 beata

403 2383 589 2463 Pulchraque
611 2402 658 2444 me
681 2382 788 2445 accivit
807 2382 922 2456 verbis,
947 2383 1057 2464 talique
1078 2383 1195 2446 terebat

354 2499 387 2554 50
405 2494 444 2556 Se
465 2494 563 2566 voltu,
586 2481 619 2554 ut
640 2500 748 2573 sponte
769 2493 906 2555 hortarer
927 2511 981 2556 soa
1002 2511 1140 2574 promere
1158 2493 1254 2575 jussa.

403 2589 567 2682 Fulgebant
589 2602 667 2665 oculi
689 2603 801 2684 majora
823 2602 977 2666 ardentius
999 2611 1090 2677 astro,

404 2697 606 2793 Angelicoque
628 2731 699 2778 suas
721 2713 801 2775 clare
823 2712 906 2775 dedit
928 2731 980 2775 ore
1001 2714 1147 2794 loquelas,

406 2824 503 2890 Suare
525 2841 651 2884 sonansr
675 2822 701 2884 0
724 2832 770 2896 tu,
794 2841 853 2904 quo
876 2824 985 2902 gaudet
1005 2823 1127 2884 Mearm
1148 2831 1244 2888 mater

406 2933 518 3006 Corde,
541 2931 657 3006 anima,
680 2932 824 3006 humano,
848 2939 896 3007 tu,
919 2933 1005 3014 cujus
1027 2933 1105 2996 iama
1127 2953 1182 3013 per
1203 2951 1308 2996 omnes

355 3045 388 3107 ,55
406 3045 499 3105 Durat
520 3043 617 3104 adhuc
638 3050 750 3117 terras,
773 3043 1131 3122 perduraturo‚'diurnas

405 3154 633 3233 Nocturnasquc
654 3152 735 3214 vices
758 3154 828 3216 dum
850 3153 961 3218 diridet
983 3153 1079 3216 orbita
1102 3153 1191 3215 solis:

407 3263 503 3338 Quem
524 3261 599 3324 mihi
617 3262 716 3343 junxit
736 3281 833 3337 amor,
857 3282 923 3326 mea
945 3283 1004 3326 nou
1027 3264 1161 3336 fortuna,
1183 3263 1316 3328 locorum

405 3374 530 3437 Deserta
552 3357 799 3458 impedientem,
822 3385 855 3436 ut
876 3373 1036 3436 tormidine
1058 3373 1153 3436 rictus

407 3483 502 3562 Terga
525 3482 585 3544 det.
628 3483 671 3544 Ac
694 3483 799 3557 timeo,
823 3502 861 3546 ne
882 3483 963 3546 hunc
983 3483 1063 3546 haud
1084 3482 1216 3546 vitabilis
1238 3503 1321 3548 error

356 3602 390 3654 oo
406 3592 561 3673 Depuierit
582 3611 687 3665 cursu,
711 3611 835 3655 ansero
857 3601 928 3672 post
947 3592 1094 3672 temporis
1116 3592 1221 3655 horam
1263 3577 1267 3590 ⁸

406 3702 485 3768 Mota
507 3701 573 3764 loco
595 3719 769 3782 properem,
792 3702 935 3764 auxilium
955 3703 1050 3764 latura
1071 3703 1194 3777 labanti,

407 3815 447 3878 Ut
467 3812 556 3882 modo
579 3828 634 3890 ego
657 3810 755 3873 audivi
778 3811 808 3872 iu
831 3812 925 3874 coelo.
970 3811 1069 3886 Quare
1093 3812 1177 3876 ocius
1200 3813 1271 3877 illuc

407 3923 492 3986 Nunc
513 3940 615 4003 perge,
639 3921 819 4002 eloquioque
841 3929 908 3996 mo,
933 3941 1051 4005 quaque
1073 3931 1136 3984 arte
1159 3923 1264 3986 salutis

408 4032 483 4094 Huic
505 4031 620 4112 poteris
641 4040 808 4094 monstrare
829 4031 906 4106 rias,
929 4032 987 4094 hac
1007 4039 1100 4106 utere,
1124 4051 1272 4114 opemque

359 4153 392 4206 65
408 4143 503 4214 affer,
525 4150 559 4202 ut
580 4141 610 4202 in
633 4142 724 4203 tantis
747 4141 863 4222 capiam
885 4142 1031 4207 solamina
1053 4143 1144 4204 curis.

367 4293 368 4298 η
407 4251 467 4324 En,
491 4270 567 4341 quae
589 4261 618 4314 te
640 4251 741 4325 mitto,
756 4260 830 4312 ‘sum
853 4251 951 4314 isthuc
971 4252 1094 4333 delapsa
1115 4253 1265 4329 Baiarum

407 4361 477 4441 ipsa
499 4361 566 4448 loco
589 4361 680 4435 exiri,
705 4380 762 4443 quo
786 4369 832 4424 est
853 4341 943 4425 ardor
964 4365 1042 4426 serre
1063 4381 1248 4442 regressum:

407 4470 468 4532 Cor
488 4469 562 4531 mihi
584 4451 676 4534 movit
698 4489 796 4546 emor,
821 4470 872 4553 qui
893 4472 963 4534 tatia
985 4473 1076 4538 rerba
1095 4473 1258 4537 ministrat.
