3236 5394
351 565 411 628 108
766 508 1524 754 0000οοοῇ

414 784 611 864 Praeceptor;
635 784 687 844 sed
710 801 779 861 ego,
802 782 975 863 absumptus
993 785 1056 864 jam
1078 785 1197 858 sunere,
1220 804 1339 864 poscor,
1520 755 1523 810 Ι

415 893 500 954 lluno
522 901 554 954 ut
575 893 772 971 circumagam
794 892 859 954 loca
881 913 937 973 per
956 893 1132 966 tenebrosa,
1155 914 1210 974 per
1231 915 1335 958 omnes

416 1002 526 1077 Orbas,
549 1002 621 1062 hino
642 1003 738 1064 donec
759 1021 857 1063 rerum
880 1002 1062 1081 experientia
1085 1004 1205 1064 doctum

414 1111 510 1173 llittat
531 1119 573 1184 et,
598 1120 629 1172 ut
649 1131 728 1172 nuno
749 1111 815 1190 ipse
836 1111 956 1191 loquor,
979 1131 1028 1173 res
1051 1132 1117 1173 vera
1139 1122 1281 1192 patescat.

365 1233 398 1286 50
456 1221 578 1283 Talibus
601 1220 725 1293 auditis,
748 1221 815 1300 plus
840 1239 927 1300 quam
950 1231 1074 1282 centena
1096 1222 1227 1284 virorum

415 1331 513 1392 Turba
535 1339 659 1409 stupens
681 1329 764 1391 stetit
784 1330 814 1390 in
837 1331 936 1403 fossa,
959 1349 1027 1392 nam
1048 1330 1123 1392 mira
1146 1342 1285 1394 cruentae

413 1441 472 1502 Res
494 1459 608 1519 poenae
631 1439 821 1500 immemores
845 1439 923 1500 lecit.
968 1440 1053 1500 Nunc
1076 1458 1146 1519 ergo
1169 1441 1314 1515 monebis,

415 1550 458 1610 Tu
481 1550 609 1611 sortasse
630 1548 712 1610 brevi
733 1548 850 1610 visurus
870 1548 982 1610 lumina
1004 1548 1087 1622 solie,

413 1661 546 1720 Fratrem
568 1659 736 1729 Dracanon,
759 1658 864 1719 ualidis
885 1669 918 1720 ut
940 1677 973 1719 se
996 1659 1123 1720 instruat
1144 1660 1243 1732 armis,

364 1774 397 1828 55
414 1769 450 1830 Ni
473 1787 558 1830 mens
581 1775 662 1828 certa
682 1767 766 1828 illum
787 1767 904 1841 tulerit,
928 1787 975 1830 me
996 1786 1075 1846 pone
1098 1768 1199 1830 subire

415 1878 511 1950 Quam
532 1876 661 1956 primum
683 1877 759 1938 hano
782 1879 908 1948 iussam,
933 1895 969 1938 ne
992 1877 1118 1938 siclam
1140 1877 1276 1956 augustia
1296 1878 1400 1950 victus,

416 1989 511 2060 Quam
533 1987 610 2049 nivis
632 1996 784 2066 aggestae,
806 1987 950 2049 victorem
972 1987 1127 2048 Guasuoua
1149 1987 1262 2061 mittat;

414 2098 488 2159 Nam
511 2115 598 2158 secus
620 2097 698 2158 hand
721 2097 837 2158 lacinus
859 2096 949 2156 luerit
969 2097 1033 2157 leuc
1057 2103 1153 2158 castra
1175 2097 1276 2176 potiri.

459 2209 494 2269 Ut
513 2207 589 2286 pede
612 2225 759 2287 suspenso
781 2207 858 2268 hanc
879 2224 982 2268 vocem
1003 2205 1166 2268 Maonerus
1189 2206 1283 2268 iturus

364 2333 397 2384 00
413 2317 528 2390 Edidit,
551 2316 621 2376 hinc
644 2316 747 2378 abiens
770 2316 905 2378 tellurem
926 2317 985 2376 hoc
1004 2315 1126 2395 pressit.
1155 2318 1191 2378 At
1213 2316 1296 2390 alter,

413 2427 587 2487 Persuasum
610 2426 657 2486 eui
680 2434 780 2504 guttur
800 2435 877 2498 erat,
901 2425 951 2504 qui
973 2425 1096 2487 naribus
1118 2425 1180 2487 ibat

292 2435 296 2618 Ι
413 2537 458 2598 nd
480 2537 609 2596 lroutem
630 2535 758 2609 truncis,
781 2543 895 2596 tantum
917 2553 987 2595 anre
1009 2534 1150 2596 notabilis
1173 2553 1239 2608 una,

414 2647 451 2707 Et
472 2653 608 2717 steterat,
632 2645 738 2707 mistus
759 2644 942 2724 reliquorum
964 2644 1111 2718 examine,
1135 2644 1256 2718 mirans,

408 2723 452 2817 'nt
472 2774 520 2816 me
541 2755 702 2828 lustraret,
719 2773 774 2834 per
796 2763 897 2834 aperta
920 2755 1065 2817 lorami'na
1088 2772 1200 2816 canuae
1518 2794 1520 2858 4

363 2868 396 2922 65
416 2864 550 2944 Undique
572 2865 662 2925 caede
684 2864 791 2926 rubrae
812 2864 896 2945 prior
917 2873 1058 2945 occupat,
1081 2864 1138 2926 ista
1159 2865 1291 2926 loeutus:

412 3085 450 3145 Et
472 3102 558 3164 quem
577 3084 640 3164 jam
662 3083 752 3144 vidi
745 3103 776 3144 ro
797 3083 898 3157 Latio,
920 3083 1016 3144 nisif
1002 3082 1105 3144 fallit
1098 3101 1195 3162 imago

413 3196 459 3255 lle
482 3193 604 3267 similis,
628 3193 654 3254 si
676 3195 754 3255 lorte
775 3193 883 3254 iterum
906 3193 959 3254 libi
982 3212 1104 3255 cernere
1126 3193 1242 3256 dulcem

414 3305 562 3365 Tellurem
584 3303 715 3377 dabitur,
740 3323 815 3382 quae
837 3323 853 3364 a
875 3302 1114 3366 lercellensibus
1137 3303 1215 3381 agris

364 3423 397 3477 70
413 3415 457 3475 Ad
479 3413 678 3493 llaroobejum
700 3413 808 3490 vergit,
830 3412 1023 3474 reminiscere
1045 3413 1177 3485 Parnon,

413 3523 513 3584 Patria
535 3523 582 3584 oni
605 3522 751 3585 Medicina
773 3522 844 3597 fuit,
868 3523 986 3602 duoque
1009 3523 1121 3602 optima
1143 3522 1216 3583 Fani

413 3633 538 3695 Lumina
560 3633 623 3693 viva
646 3632 751 3704 modo,
775 3649 843 3692 mox
864 3631 921 3692 ista
943 3651 1065 3694 monere
1087 3639 1244 3704 memento,

415 3743 530 3804 Gomon
552 3750 639 3821 atque
661 3743 861 3814 Monnnann,
883 3741 943 3802 nisi
965 3761 1049 3804 mens
1071 3741 1122 3802 hio
1143 3741 1278 3820 praescia
1300 3761 1373 3804 vana
1398 3748 1448 3811 est,

415 3854 453 3914 Se
475 3853 533 3913 vita
555 3851 593 3912 iri
616 3851 772 3930 depulsos,
796 3858 883 3930 atque
905 3869 1035 3930 aequore
1057 3870 1173 3913 mersos

364 3972 397 4024 75
414 3963 447 4023 ln
470 3979 588 4022 saecum
610 3961 741 4034 insutos,
764 3960 819 4022 sub
841 3960 1012 4041 proditione
1034 3961 1150 4040 tyranni

414 4070 510 4142 Falsi,
533 4070 570 4130 ad
593 4069 808 4144 Crustumium·
830 4088 900 4142 nec,
923 4088 980 4148 qua
1002 4070 1142 4151 llajorica
1165 4071 1201 4132 ad
1224 4089 1292 4131 oras

414 4181 514 4260 Usque
535 4186 618 4259 patet
638 4181 775 4260 Cypriae,
797 4178 872 4242 vasti
895 4197 946 4240 rex
967 4181 1106 4259 aequoris
1129 4198 1257 4261 unquam

415 4289 487 4350 Tale
510 4289 606 4350 scelus
628 4289 714 4360 vidit,
738 4289 818 4350 nullo
841 4298 995 4365 grassante
1017 4291 1121 4370 pirata,

362 2975 509 3046 Otu,
534 2994 622 3054 quem
645 2974 755 3037 nulla
746 2993 896 3055 impurum
918 2975 994 3036 facta
1017 2973 1108 3054 impia
1131 2974 1280 3048 damnant,

292 3327 294 3380 l

415 4398 501 4460 Nulla
523 4398 586 4458 acie
607 4399 754 4476 Argolica.
799 4397 857 4471 Qui
880 4400 966 4462 oculo
988 4408 1102 4462 tantum
1124 4399 1232 4480 aspicit
1253 4418 1313 4459 noo

364 4517 398 4571 80
413 4507 567 4582 Proditor,
591 4519 679 4586 atque
702 4515 782 4570 tenet
802 4517 926 4582 terram,
950 4529 1052 4590 quam,
1077 4509 1128 4590 qui
1149 4509 1238 4572 modo
1261 4525 1377 4569 meeum
