3214 5400
767 525 948 578 runorrorur
965 527 1046 580 xviii.

874 811 990 896 xviri.

403 965 542 1028 Summus
564 963 693 1027 desierat
714 964 836 1044 sapiens
859 965 1022 1048 oculosque
1044 967 1165 1030 tenebat

402 1075 436 1137 ln
458 1093 506 1136 me
528 1073 650 1148 defixos,
673 1093 710 1136 an
732 1075 915 1154 praeferrem
937 1095 990 1138 ore
1012 1077 1144 1157 quietem

401 1185 561 1265 Expletus;
583 1183 637 1246 sed
660 1200 725 1262 ego,
748 1203 823 1247 nova
845 1203 933 1264 quern
957 1185 1023 1248 sitis
1046 1186 1262 1260 exstimulabat‚

401 1295 569 1367 Praeterea,
593 1294 671 1356 [aeui
693 1293 802 1373 lingua,
824 1312 943 1357 meeum
964 1295 1021 1356 istu
1042 1295 1178 1358 loeutus:

367 1413 383 1466 a
403 1405 485 1478 Quae
508 1404 573 1466 sina
595 1421 678 1464 more
700 1403 784 1467 ilium
805 1404 911 1482 rogito,
934 1405 1062 1466 sortasse
1084 1406 1257 1482 gravabunt.

400 1516 508 1578 Verum
531 1513 626 1575 instar
646 1513 741 1593 patris
762 1513 886 1588 veracis,
909 1513 961 1575 ubi
982 1513 1033 1576 iile
1054 1514 1205 1577 timentem

401 1624 505 1686 uisere
526 1642 575 1685 me
596 1622 738 1702 cupidum
759 1623 863 1697 sensit,
886 1641 962 1704 quae
985 1623 1076 1686 eorde
1098 1624 1281 1704 premebam,

400 1733 504 1796 Fando
527 1731 658 1795 animum
680 1733 752 1794 mihi
774 1734 912 1815 restiruir,
937 1734 980 1794 sio
1002 1733 1093 1796 farier
1114 1753 1203 1796 auso:

401 1843 474 1906 Tale
494 1841 570 1906 meis
593 1841 687 1904 oeulis
709 1849 765 1904 tua·
780 1842 832 1904 lux
852 1843 902 1906 dar
922 1842 1023 1906 irrureu
1045 1843 1165 1917 habere,

351 1957 384 2008 10
402 1954 438 2017 Ut
458 1952 553 2014 nitida
575 1969 704 2026 uernam,
727 1952 871 2032 quidquid
893 1961 943 2015 ma
964 1953 1099 2032 proferat
1120 1960 1151 2016 et
1171 1953 1212 2014 nri

400 2061 555 2126 Describat
572 2062 659 2125 ratio.
705 2062 811 2136 Quare,
835 2071 920 2143 pater
941 2063 1062 2142 optime,
1084 2081 1224 2136 amorrui,

402 2173 531 2247 Quaeso,
554 2173 736 2245 demensus,
758 2171 903 2236 iratorum
926 2191 1016 2253 quem
1037 2191 1106 2234 esse
1128 2172 1275 2235 bonorum

402 2283 581 2346 Cunctorum
605 2299 707 2344 semen
731 2282 852 2345 dicebas
874 2291 961 2364 atque
983 2281 1140 2345 melonum.

444 2393 477 2454 ln
499 2411 548 2455 me
569 2392 626 2470 fige
649 2390 754 2454 oeulos
775 2393 894 2466 mantis,
917 2393 1083 2473 respoudit,
1106 2399 1218 2464 amoos,

352 2508 384 2562 lo
402 2503 627 2581 Coeoorumque
650 2519 742 2574 error,
766 2502 922 2564 duororum
945 2502 996 2582 qui
1016 2502 1081 2564 vioe
1102 2502 1186 2580 iungi

401 2613 527 2686 Audeat,
550 2619 596 2673 sat
616 2611 671 2674 ribi
693 2620 813 2691 apertus
835 2613 901 2674 orit.
947 2612 1005 2685 Qui
1027 2620 1163 2693 promtus
1184 2629 1283 2673 amare

401 2721 455 2783 Est
476 2730 580 2784 natura
601 2721 726 2795 animus,
749 2729 882 2784 versatur
903 2722 1024 2784 mobilis
1045 2741 1166 2784 omnem

400 2832 445 2895 ud
467 2849 540 2905 rem,
564 2849 641 2910 quae
662 2830 785 2910 placeat,
809 2831 987 2912 simulatque
1008 2833 1089 2894 hune
1109 2833 1219 2894 blanda
1239 2831 1384 2911 voluptas·

400 2942 516 3005 Excitat
536 2948 624 3021 atque
648 2955 736 3017 agere
758 2940 910 3017 hortatum
932 2960 1030 3021 neque
1051 2942 1179 3028 imagine
1200 2941 1292 3004 inani.

350 3060 384 3112 20
401 3053 441 3116 Se
462 3050 524 3114 iaili
547 3069 655 3112 sensus
675 3058 808 3125 testatur,
831 3059 861 3112 et
881 3052 983 3126 eidoit,
1005 3061 1039 3114 ut
1058 3069 1144 3114 mons

400 3163 476 3225 Huic
499 3181 567 3224 sese
588 3160 731 3234 intendat,
754 3161 899 3241 vobisque
920 3162 999 3224 hano
1021 3162 1148 3242 explieat
1169 3162 1249 3224 intus

402 3273 461 3346 Sio,
484 3281 516 3334 ut
537 3272 574 3334 ad
596 3272 673 3332 hane
694 3271 825 3334 animum
847 3273 981 3334 attrahat.
1025 3271 1081 3332 Hie
1102 3271 1130 3332 si
1150 3271 1273 3333 inclinat
1294 3269 1445 3349 adipeam
1553 3323 1561 3336 ,
1604 3353 1605 3360 ¹

402 3383 579 3454 Conversus,
601 3382 636 3442 fit
656 3399 746 3454 amor,
770 3381 870 3460 potius
892 3390 997 3444 natura
1018 3381 1178 3456 vorandus,

402 3493 484 3566 Quae
506 3511 559 3553 ros
577 3491 710 3572 jucunda
732 3509 837 3553 rursus
860 3491 1018 3554 dulcedine
1039 3492 1155 3554 vinuros

350 3605 384 3658 25
402 3602 538 3682 Occupat
558 3602 723 3662 insinuans.
766 3601 842 3663 Exin
865 3609 898 3664 ut
919 3602 1015 3663 renuit
1034 3602 1066 3663 in
1088 3601 1178 3664 altum

400 3711 533 3774 Flamma
555 3729 639 3772 suam
662 3710 701 3772 ob
723 3711 858 3784 formam,
883 3730 958 3791 quae
979 3710 1050 3774 illue
1070 3710 1254 3773 adscendere
1276 3718 1346 3772 uara
1367 3717 1424 3783 est,

400 3821 472 3884 Plus
495 3821 546 3882 ubi
568 3821 718 3894 materies,
740 3820 796 3882 sub
820 3839 877 3900 qua
899 3833 946 3884 est
967 3822 1083 3895 durare,
1106 3825 1245 3900 putatum

402 3930 453 3993 Sia
475 3930 624 4003 desiderii,
648 3930 729 4010 quod
750 3931 794 3992 vis
815 3941 915 3994 movet
935 3933 1049 4005 intima,
1072 3939 1177 4011 eaptus
1208 3960 1213 3982 ι

401 4041 494 4102 Intrat
515 4039 643 4102 claustra
665 4041 791 4114 animus,
815 4058 872 4102 neo
893 4049 1029 4122 tempore
1051 4042 1163 4104 desinit
1183 4040 1254 4113 uilo,

351 4157 385 4207 30
401 4150 463 4212 Neo
483 4150 617 4229 requiem
638 4150 757 4229 patitur,
779 4151 877 4212 donee
898 4151 1029 4232 pot'utur
1049 4160 1157 4214 amato.

444 4259 529 4320 Nune
550 4267 592 4334 tu,
615 4277 703 4339 wrm
725 4278 795 4322 vera
816 4260 905 4338 louge
927 4279 943 4322 a
966 4263 1082 4324 ratione
1104 4262 1246 4334 iurantur,

403 4369 461 4443 Qui
483 4386 576 4448 genus
598 4386 686 4431 omne
708 4379 808 4432 aestus
830 4370 860 4430 in
884 4389 917 4432 se
938 4370 1087 4434 laudabile
1110 4371 1220 4444 dieunt,

401 4479 498 4540 Nosse
519 4485 625 4558 potes3
646 4497 716 4542 uam
737 4481 839 4542 forsan
861 4497 945 4542 amor
964 4482 1063 4544 bonus
1085 4501 1153 4544 esse
1173 4481 1291 4544 videtur
