3234 5396
328 517 391 582 22ss
753 523 935 576 runutrotttt
952 527 1024 578 ffli.

393 741 530 806 Carmine
551 740 747 822 grandiloquo
770 751 906 804 oeermstr
927 743 1124 826 hominesque
1145 747 1294 830 Deosque.

391 850 477 912 Etsi
499 851 576 913 torte
598 857 694 932 putas,
716 868 765 914 me
786 852 876 914 aliam
896 861 1069 931 praetexere
1091 875 1227 920 caussam

275 965 279 972 '
326 968 375 1023 125
391 960 490 1035 Risus,
513 961 590 1024 hane
611 959 694 1022 mitte
715 967 749 1022 ut
770 960 883 1035 taleam,
906 963 959 1024 sed
982 965 1071 1028 erede
1093 967 1187 1030 tuisse

392 1070 475 1144 Quae
498 1080 529 1132 tu
551 1069 630 1133 tatus
652 1089 719 1132 eras
740 1069 777 1132 de
799 1078 904 1134 nostro
925 1089 1031 1151 magna
1052 1083 1151 1154 poeta.

432 1181 498 1244 lam
519 1198 553 1242 se
573 1178 722 1253 flectebat,
744 1180 874 1259 plantam
895 1183 1085 1262 amplexurus
1107 1193 1271 1268 utramque,

390 1291 550 1353 liuotorem
572 1296 639 1352 ante
660 1307 775 1364 menm3
794 1309 915 1353 verum:
937 1290 1020 1354 Istud
1042 1311 1080 1356 ne
1102 1295 1198 1370 effice,
1222 1297 1328 1361 irater!

390 1401 465 1463 Nam
485 1407 517 1462 tu
539 1398 645 1462 umbra
666 1417 700 1460 es
721 1417 847 1472 mecum,
870 1399 951 1475 dixit,
974 1410 1138 1482 neuterque
1159 1408 1317 1470 tenendus.

325 1523 374 1576 1³0
390 1510 442 1572 ille
464 1509 561 1590 inquit
581 1523 722 1587 surgens:
745 1509 831 1572 Nune
851 1528 972 1589 pernam
993 1511 1103 1587 dicere,
1127 1523 1236 1595 quanto

389 1621 463 1683 Urar
484 1637 584 1682 amore
606 1618 658 1692 tui,
682 1617 732 1697 qni
754 1627 889 1681 nostrum
912 1620 1022 1684 oblitus
1045 1623 1143 1698 inane,

389 1729 515 1792 Umbras
536 1728 705 1802 manebam,
729 1728 826 1790 solido
848 1736 881 1790 ut
902 1748 978 1809 quae
1000 1749 1127 1812 corpore
1149 1743 1296 1803 constant

870 1987 972 2073 xxti.

386 2170 451 2233 tam
473 2176 543 2250 post
563 2185 619 2232 nos
641 2173 763 2230 steterat
784 2167 924 2230 eoelestis
946 2169 1072 2232 nrrnoiua
1095 2171 1157 2234 ates

386 2281 526 2358 Angelus,
549 2279 585 2341 ad
607 2285 723 2340 sextum
745 2277 795 2357 (pri
817 2296 876 2339 nos
895 2278 1062 2342 adverterat
1082 2281 1193 2356 orbem,

388 2390 482 2452 Unius
503 2388 650 2453 abradens
671 2388 750 2449 istus
771 2388 893 2466 vestigia
915 2389 1031 2464 tronte;

388 2501 425 2562 Et
446 2500 497 2580 qui
516 2497 660 2580 justitiam
682 2497 825 2570 esuriunt,
848 2497 964 2560 dixere:
986 2499 1081 2572 Beati,

313 2653 318 2664 .
355 2609 432 2678 ead
453 2627 510 2671 nos
531 2622 604 2671 voce
625 2627 679 2670 sua
701 2615 745 2669 et:
767 2611 846 2681 sitio,
868 2626 930 2670 non
950 2609 1036 2688 ptura
1056 2609 1161 2673 locuti.

386 2703 528 2798 detego,
550 2717 618 2798 ptus
641 2735 729 2799 quam
749 2717 823 2780 alias
845 2719 1032 2798 pertinaces,
1055 2740 1170 2784 summe
1192 2722 1331 2801 petebam

386 2830 450 2892 Jam
472 2828 547 2891 levis
568 2845 664 2906 usqne
685 2827 770 2892 adeo.
792 2835 826 2889 ut
846 2827 1004 2909 dispendia
1025 2830 1106 2892 nulla
1126 2831 1238 2894 laboris

385 2940 506 3012 Passus,
528 2937 647 3000 veloces
669 2955 812 3016 sequerer
833 2938 898 3000 sine
920 2957 1048 3018 corpore
1068 2947 1161 3004 rates.

428 3049 505 3111 Tum
526 3049 570 3110 sio
589 3048 758 3109 Vmornrus:
780 3047 902 3110 Virtutis
924 3056 1020 3112 taetus
1041 3049 1168 3114 honesta

337 3166 369 3219 1⁰
385 3161 516 3244 Flamma
538 3176 630 3233 amor,
652 3157 776 3221 alterius
797 3157 892 3237 tangit
911 3160 1088 3239 praecordia
1110 3181 1238 3241 semper,

384 3269 550 3332 Dummodo
573 3269 598 3329 is
620 3268 698 3330 hano
717 3268 834 3347 prodat.
878 3269 938 3342 Sic,
961 3289 996 3332 ex
1019 3287 1077 3349 quo
1099 3277 1233 3352 tempore
1256 3273 1346 3337 sedes

385 3379 519 3441 Infernas
541 3375 633 3440 subiit
652 3385 787 3440 nostmm
807 3379 968 3440 Juruuaurs
991 3379 1023 3441 in
1043 3379 1155 3451 orbem,

385 3489 524 3551 Testatus
546 3487 661 3561 erebro,
685 3488 736 3566 qni
757 3496 786 3550 te
806 3488 880 3550 mihi
899 3489 1005 3569 junxit,
1027 3508 1175 3566 amorem3

385 3599 419 3660 ln
441 3598 550 3661 totale
573 3597 628 3659 tuit
648 3597 778 3659 studium
800 3598 881 3671 mihi,
905 3606 1041 3678 tantaque
1064 3619 1144 3675 crura,

336 3715 368 3768 to
385 3707 423 3771 Ut
444 3705 517 3769 nulli
539 3707 641 3784 ignoto
664 3707 821 3788 qnisquam
842 3708 1007 3770 devinctior
1028 3717 1117 3783 esset,

386 3818 482 3892 ouem
503 3816 557 3878 nor
578 3816 687 3878 aeonae
709 3796 771 3878 rue
805 3817 904 3890 Quare
925 3817 1045 3881 naeuus
1066 3819 1141 3883 mini
1162 3821 1260 3884 surse

384 3928 478 4008 Hujus
500 3925 558 3988 erit
579 3925 718 4006 spatium.
760 3926 820 3988 Sed
842 3926 901 4001 dio,
923 3936 954 3990 et
974 3929 1070 4008 quadis
1092 3931 1204 3993 amicus

385 4037 477 4099 Parce
498 4036 580 4109 mihi,
603 4035 707 4098 fidenti
728 4036 828 4098 animo
851 4035 878 4098 si
900 4037 984 4100 trena
1005 4039 1133 4113 remitto,

383 4147 508 4226 Jamque
529 4125 568 4209 ut¹
583 4145 713 4208 andoitia
730 4145 853 4225 junotus
874 4147 948 4210 mihi
969 4149 1032 4211 tare
1053 4149 1202 4212 vicissim:

333 4265 368 4317 do
385 4256 543 4330 Quomodo
563 4253 704 4318 avaritiae
726 4255 828 4317 sedem
850 4265 900 4319 tua
921 4258 1011 4321 eorda
1033 4257 1168 4322 dedere?

383 4366 465 4428 Inter
486 4363 636 4428 doetrinae
657 4365 715 4426 vim
739 4373 856 4439 tantam,
879 4375 986 4445 quanta
1007 4370 1153 4433 redundat

384 4476 460 4538 Cura
481 4482 564 4556 parta
584 4469 657 4538 tua?
678 4475 809 4538 Srarruu
829 4476 919 4540 rerba
940 4478 997 4542 ista
1018 4499 1179 4562 parumper
