3282 5404
817 513 951 565 rlusutst
969 513 1024 564 xlv.

911 799 996 882 llll.

467 953 510 1015 Ex
531 951 604 1014 orbe
625 952 663 1014 ad
685 959 828 1026 centrum,
851 960 940 1033 etque
959 969 998 1014 ex
1019 957 1122 1014 centro
1145 950 1238 1012 lectur
1258 951 1295 1012 ed
1318 949 1419 1012 orbem

424 1063 501 1126 bere
524 1081 594 1125 cavo
616 1061 762 1142 teretique
784 1061 917 1124 inclusae
937 1072 1037 1124 motus
1058 1060 1154 1140 aquai,

426 1173 494 1234 Sive
516 1171 594 1234 benc
615 1172 748 1245 intonen
771 1191 826 1234 seu
848 1189 953 1236 caussa
976 1171 1100 1234 extraria
1122 1169 1231 1249 pulset.

468 1281 558 1353 llaec,
581 1299 636 1360 ego
658 1299 746 1362 quem
769 1281 848 1355 dico,
870 1281 970 1344 subito
992 1279 1065 1342 mibi
1086 1279 1167 1342 venit
1188 1280 1296 1358 imago,

392 1391 497 1452 tPost
518 1390 569 1452 ubi
588 1390 652 1472 jam
675 1391 800 1452 leons
823 1391 914 1454 duem
936 1390 1018 1452 dedit
1040 1407 1092 1453 ore
1114 1387 1266 1470 loquendi,

426 1501 472 1562 nb
495 1501 622 1562 similem
644 1519 757 1574 meum,
780 1517 847 1562 cum
870 1499 922 1562 leti
944 1500 1023 1564 dicta
1043 1499 1177 1562 Busrnrx

425 1609 549 1691 Excepit
571 1609 668 1682 dictis,
692 1610 739 1672 cui
761 1609 857 1672 visum
878 1609 953 1672 baec
973 1610 1063 1674 edere
1084 1627 1158 1672 voce
1179 1617 1226 1670 est

426 1719 499 1782 Post
520 1719 618 1782 illum:
642 1719 718 1782 lluic
739 1737 816 1800 opus
838 1727 892 1790 eet,
917 1719 997 1800 quod
1019 1737 1080 1781 non
1102 1719 1170 1800 ipse
1190 1717 1303 1781 indicat
1323 1735 1383 1790 ore,

426 1829 489 1891 Nec
509 1847 601 1892 sensu
622 1830 740 1891 interno
761 1836 916 1901 monstret,
939 1846 1122 1908 cognoscere
1142 1829 1205 1890 veri

378 1940 411 1993 1⁰
427 1938 568 2000 Redicem
589 1936 707 2017 reliqui.
750 1938 818 2010 Fac,
842 1955 898 2018 per
918 1945 948 2002 te
969 1938 1086 2002 discere
1108 1938 1214 2018 poesin,

427 2049 504 2110 Num
525 2046 584 2121 lux,
606 2055 727 2110 naturae
749 2065 826 2128 quae
848 2047 898 2110 det
918 2049 1080 2110 florescere
1100 2055 1226 2121 vestrae,

429 2157 533 2230 Qualis
553 2175 634 2220 nunc
655 2157 757 2236 fulget,
778 2157 933 2220 vobiscum
954 2165 1072 2237 tempus
1094 2157 1124 2218 in
1147 2175 1236 2219 omne

427 2265 475 2328 sn
495 2285 633 2329 mansure
654 2285 765 2347 aeque;
787 2266 896 2347 quodsi
917 2273 1133 2340 colmannum,
1156 2266 1289 2340 docebis,

430 2376 500 2450 Qut,
522 2383 683 2458 postquem
705 2383 843 2439 renovata
865 2375 977 2438 dabunt
996 2393 1051 2438 ros
1072 2373 1203 2439 membre
1226 2376 1378 2450 ridendos,

304 2431 310 2622 ι
380 2487 411 2540 ld
427 2486 501 2559 Fiet,
523 2494 556 2548 ut
576 2486 656 2548 baud
679 2486 787 2560 obstet,
811 2504 870 2565 quo
891 2503 945 2547 vos
966 2485 1065 2548 minus
1087 2486 1143 2548 ista
1164 2485 1295 2548 vicissim

428 2596 532 2657 Vestra
553 2596 737 2676 inspectetis.
758 2629 801 2644 -
822 2595 918 2658 Veluti
940 2595 1149 2675 superantibus
1171 2605 1255 2660 ectus

430 2704 574 2768 Laetitiae
596 2704 734 2779 stimulis,
757 2705 884 2767 choreae
906 2705 957 2784 qui
979 2705 1116 2768 circumit
1137 2705 1251 2776 orbern,

430 2812 545 2874 Gaudet
566 2820 596 2875 el
616 2814 760 2878 exbileret
780 2822 896 2894 gestus:
920 2813 965 2876 sic
986 2823 1089 2876 sancte
1110 2833 1221 2877 corone

306 2897 309 3026 ἶ
428 2923 558 3003 Utraque
579 2941 653 2986 voce
674 2923 724 3004 pie
745 2924 904 3004 subitaque
925 2923 1026 2988 illecta
1046 2924 1191 3002 rogantis,

306 3033 308 3042 ’
379 3039 414 3088 uu
430 3033 510 3094 Orbe
530 3043 624 3107 rotae,
647 3033 791 3114 mirisque
812 3034 913 3096 modis
932 3052 1009 3096 nora
1031 3033 1138 3114 gaudie
1158 3033 1274 3114 pendit.

472 3143 530 3217 uui
553 3143 697 3222 queritur,
719 3155 803 3208 certe
823 3159 879 3206 nos
901 3143 953 3206 bic
972 3144 1004 3205 in
1024 3152 1121 3205 morte
1143 3145 1248 3218 tenen,

429 3253 523 3326 Queis
543 3253 631 3315 detur
651 3253 682 3315 iu
704 3253 789 3316 coelo
810 3253 870 3316 rita
892 3253 1021 3332 gaudere
1043 3254 1184 3326 secunde,

427 3364 493 3424 Non
515 3363 597 3426 ridet
617 3373 756 3426 aeternae
778 3363 897 3444 pluviae
918 3364 977 3426 boc
999 3364 1055 3425 sub
1078 3364 1141 3426 sole
1163 3363 1307 3426 leremcn.

427 3472 481 3534 Ille
503 3491 590 3546 uuus,
611 3473 710 3546 binus,
732 3473 838 3545 trinus,
862 3471 913 3552 qui
935 3473 1056 3538 nescius
1078 3481 1172 3547 onus,

378 3594 412 3649 25
428 3583 494 3644 Non
517 3582 778 3663 circumscriptus,
802 3591 901 3646 tamen
922 3583 1023 3645 omnia
1044 3581 1293 3646 circumscribens

400 3727 402 3732 .
429 3693 516 3764 vivit
537 3700 568 3754 et
589 3700 742 3754 aeternum
763 3693 919 3773 trinusque
940 3702 971 3754 et
991 3693 1081 3754 binus
1102 3701 1133 3754 et
1153 3711 1231 3756 unus

427 3802 551 3881 Regnat,
572 3835 614 3846 -
635 3810 682 3864 ter
702 3802 847 3882 cujusque
868 3800 985 3864 animae
1006 3810 1162 3866 resonaret
1180 3803 1214 3864 in
1236 3819 1288 3865 ore
1326 3805 1328 3810 “

429 3913 501 3974 'lem
524 3911 620 3984 dulce,
643 3920 676 3974 ut
693 3913 776 3992 juste
796 3911 934 3974 mercede
956 3912 1123 3990 rependere
1142 3921 1249 3992 posset

429 4021 524 4084 Omne
547 4039 640 4100 genus
662 4021 771 4084 meriti.
793 4053 832 4068 -
856 4021 931 4082 Tum
954 4020 1052 4082 audiri
1073 4022 1106 4082 in
1129 4021 1194 4084 luce
1214 4021 1341 4084 minoris

380 4141 413 4192 30
430 4132 610 4210 Candidiorc
631 4140 715 4192 rotae
736 4148 840 4192 vocem
861 4149 1000 4194 sermone
1021 4132 1199 4206 modestam,

432 4240 535 4314 Qualis
556 4242 634 4303 lorte
655 4241 713 4302 luit
733 4240 884 4302 ffleureuu
907 4241 1014 4302 edente
1035 4241 1167 4315 Mariam,

431 4351 514 4426 Quae
537 4350 580 4412 sic
602 4350 773 4430 respondit:
796 4350 892 4422 Qum
915 4351 1053 4414 durature
1075 4351 1154 4416 beati
1176 4359 1223 4414 est

429 4461 518 4524 Festa
540 4459 604 4521 dies
626 4460 720 4538 regni,
743 4468 802 4522 tam
824 4460 920 4522 nostri
942 4460 1039 4524 vivide
1059 4460 1172 4524 amoris
