3282 5404
357 525 419 590 ³80
809 523 942 576 remorsu
960 523 1027 576 xxx.

315 613 1512 632 ffl—-p-——ffl--m-„u--ffl--u

425 745 498 808 Sese
521 739 700 820 effundeh'ol,
720 743 802 806 visus
823 741 946 805 meliore
968 741 1072 804 lotura

374 861 407 915 75
425 854 601 917 Gondilione
623 854 693 916 irui.
736 853 831 933 thue
853 851 934 914 illam
955 849 1033 914 hlhlt
1053 857 1179 930 utraque
1204 849 1284 912 eirea

423 964 585 1044 Palpebras
607 962 778 1043 suggruoda
797 981 890 1036 meas,
913 961 958 1024 sie
978 959 1029 1022 illa
1050 959 1178 1022 rotunde

424 1075 493 1136 Visa
515 1074 587 1135 mihi
609 1071 741 1136 estheri
763 1071 891 1152 speeies,
914 1089 990 1150 quae
1010 1069 1100 1148 louge
1119 1067 1248 1150 patebat„

425 1183 547 1255 Deinde,
570 1182 782 1262 insurgentis
805 1181 861 1244 suh
883 1180 962 1244 larua
985 1187 1016 1242 et
1037 1177 1166 1259 tegmine
1186 1179 1263 1242 falso

424 1294 526 1372 Longe
548 1292 698 1354 diversum
718 1291 889 1372 vultumque
909 1289 1102 1369 hahitumque
1124 1289 1248 1351 serentis

375 1403 451 1466 soh
471 1402 579 1484 primo,
603 1402 629 1464 si
652 1401 748 1464 aliene
769 1399 829 1464 sibi
850 1400 925 1463 haee
946 1416 1075 1480 unquam
1097 1406 1185 1460 exuat
1205 1415 1267 1468 oro,

426 1514 461 1575 ln
484 1512 591 1592 quihus
613 1511 722 1575 erasit:
745 1509 789 1574 sio
810 1511 911 1584 hores,
934 1517 1024 1590 alque
1045 1505 1162 1570 favillae

426 1623 460 1685 lu
482 1622 595 1704 muare
614 1620 688 1684 mihi
708 1637 837 1702 pompae
858 1630 928 1682 suul
949 1618 1056 1698 gaudia
1076 1635 1202 1695 versae3

428 1731 526 1806 Quare
548 1730 652 1794 ambos
674 1729 751 1792 eoeli
773 1728 857 1811 polui
877 1729 1006 1792 lustrare
1028 1727 1176 1792 oohorlee.

471 1842 496 1904 0
517 1840 568 1904 lux
589 1839 748 1914 almebel,
770 1857 826 1920 per
847 1857 935 1919 ιιιιιιο
958 1845 1094 1920 speolare
1114 1833 1297 1916 triumphum

378 1956 411 2010 85
429 1950 521 2030 Regni
544 1950 585 2013 mi
605 1949 690 2013 liouit
710 1950 782 2024 veri,
803 1949 861 2012 vim
883 1957 916 2011 ua
937 1949 1002 2030 ipsa
1023 1946 1170 2020 ministro,

428 2060 475 2132 Ul,
498 2059 615 2140 qualem
635 2059 716 2124 hune
735 2059 806 2134 vidi,
825 2058 915 2122 ulem
936 2056 1107 2122 describere
1126 2054 1227 2119 verbis

427 2170 512 2232 Nune
533 2169 659 2252 possim.
702 2169 737 2234 ln
758 2168 844 2232 ooelo
866 2177 912 2232 est
930 2168 1042 2249 lumen,
1064 2166 1143 2248 quod
1165 2181 1290 2232 eernere
1309 2163 1399 2226 donat

432 2280 492 2342 Ora
515 2280 665 2344 Creatoris
688 2280 854 2360 cuicunque
875 2278 933 2340 hoe
954 2287 1039 2359 patre
1061 2284 1171 2351 meatu

431 2391 489 2464 Qui
511 2389 610 2464 modo,
631 2407 732 2454 umore
753 2389 855 2452 avidos
877 2387 997 2452 inhians
1018 2387 1089 2450 uum
1109 2387 1207 2467 pasoil
1227 2385 1258 2446 in
1279 2384 1347 2464 ipso

379 2502 414 2554 ⁹⁰
430 2502 528 2574 Visus,
550 2517 624 2580 paee
646 2518 701 2562 sua
721 2498 845 2574 troilon
867 2497 948 2578 qood
969 2498 1079 2560 erescit
1099 2497 1130 2558 in
1153 2494 1236 2558 orbis

431 2611 571 2674 Formam
592 2611 636 2674 sio
657 2608 759 2690 ampli,
780 2607 920 2672 Phoebea
942 2619 975 2670 ut
994 2608 1110 2688 lampas
1130 2607 1168 2668 eal
1189 2605 1268 2668 istud
1330 2601 1332 2608 '

375 2773 380 2782 .
430 2722 519 2782 Arete
540 2721 628 2782 foret.
672 2717 823 2800 Quidquid
844 2717 934 2780 nobis
955 2725 1003 2781 est
1023 2733 1146 2780 eernere
1167 2714 1298 2794 inipso,

431 2829 559 2891 'lautum
581 2845 642 2890 uno
663 2826 894 2901 consuetudin,
918 2845 1007 2908 quem
1027 2825 1139 2889 mobile
1160 2823 1289 2906 primum

430 2939 519 3001 Parte
541 2937 588 3000 sui
610 2954 726 3000 summa
746 2944 911 3003 retrorsum
931 2938 1034 3013 necor,
1056 2944 1087 2998 el
1107 2935 1178 2998 inde

381 3049 415 3104 95
431 3049 494 3110 Vite
517 3047 575 3110 sibi
596 3065 632 3110 ιο
652 3047 747 3110 virius
767 3045 862 3122 veuil3
885 3055 915 3108 el
937 3063 991 3110 eeu
1013 3046 1109 3109 olivus
1130 3045 1243 3108 inimo

430 3158 631 3240 Lympharum
651 3156 774 3238 speeulo
796 3175 865 3219 sese
885 3155 1016 3238 inapioit,
1039 3156 1135 3218 instar
1155 3155 1269 3217 evenus

431 3267 561 3330 Cernere
583 3286 617 3330 se
637 3275 774 3330 ornatum
794 3265 877 3330 uarie
896 3265 1080 3348 pulchreque
1101 3265 1243 3328 virentem

431 3378 560 3442 Luxurie
582 3395 616 3440 eo
637 3378 747 3440 ilerum
767 3375 875 3438 dium:
897 3376 943 3438 sie
963 3373 1086 3438 luminis
1107 3374 1212 3436 orhem

431 3488 518 3549 Hune
541 3487 620 3548 eirea
641 3487 883 3568 euparedslemee
904 3486 1026 3564 effigere
1047 3483 1160 3547 uallum

367 3615 416 3667 loo
432 3597 506 3670 llue,
527 3596 622 3658 veluti
640 3597 672 3660 iu
689 3596 851 3678 speculum,
873 3613 930 3676 per
948 3594 1017 3674 plus
1039 3612 1128 3674 quam
1149 3593 1241 3656 millia
1262 3595 1324 3664 ridi

431 3706 549 3772 Limina
571 3705 713 3785 digestos,
735 3706 773 3769 de
794 3705 907 3768 nostris
928 3713 1076 3786 quotquot
1096 3705 1135 3767 ed
1156 3705 1224 3767 illa.

433 3818 508 3879 Sese
530 3816 718 3880 contuleruut
736 3817 862 3878 reduces
884 3813 1027 3880 eoelesoa
1047 3831 1179 3878 suamne.

434 3926 522 4000 Quod
544 3927 570 3988 si
592 3926 763 4006 splendoris
784 3933 898 3988 lantum
919 3925 1027 4006 gneus
1048 3925 1170 3988 infimus
1190 3926 1221 3988 in
1242 3945 1275 3986 se

434 4036 571 4114 Collegit,
591 4035 673 4098 iuliis
695 4036 727 4098 in
749 4034 864 4098 eunetis
886 4044 996 4114 quante
1016 4033 1143 4116 palehil,

368 4151 417 4205 1⁰5
433 4147 513 4209 Haeo
534 4144 626 4207 rosa?
646 4145 709 4210 Nee
729 4145 812 4207 visus
831 4164 881 4206 me
902 4144 1062 4208 deficiebat·
1078 4145 1111 4208 iu
1133 4145 1195 4210 suo

434 4259 529 4336 Atque
551 4253 650 4336 amplo
672 4254 780 4336 spatio,
801 4274 905 4317 venem
926 4266 973 4318 est
992 4256 1066 4318 mihi
1087 4254 1206 4334 eognile
1229 4263 1298 4330 lule,

430 4355 552 4438 ‘Quanta
573 4374 645 4440 erat,
668 4372 699 4428 et
720 4365 818 4445 qualis
837 4365 925 4444 peudl
946 4365 1037 4447 huius
1058 4383 1173 4432 summa
1193 4365 1319 4428 heaulls.

434 4474 512 4538 llino
531 4475 645 4554 procul,
668 4483 699 4538 et
717 4475 843 4558 propius
864 4475 1032 4540 uoueislere
1051 4495 1116 4540 ueo
1125 4477 1210 4558 jovae
1229 4476 1333 4549 hilum,
