3282 5404
125 517 129 794 Ι
632 568 764 618 nectunt
784 569 860 620 xxvi.
1246 571 1307 632 3le

249 786 374 849 Tardius
397 795 447 848 aut
468 786 556 850 citius
577 785 676 847 veniet
695 786 881 849 medicamen
902 786 938 848 sb
960 786 1011 849 illo

247 898 317 959 lstis
339 895 510 968 luminibus,
532 914 587 976 per
608 914 683 974 quae
706 904 752 958 est
773 895 840 957 data
861 907 947 976 porta
969 895 1076 958 serenti

246 1007 418 1079 Flammam,
442 1024 517 1085 quae
539 1013 631 1066 totam
652 1004 772 1084 penitus
793 1024 841 1066 me
862 1005 996 1067 incendit
1017 1015 1046 1068 et
1067 1009 1134 1069 urit.

201 1125 232 1178 15
250 1117 334 1191 Quae
355 1125 484 1178 vestrum
505 1115 586 1176 hunc
607 1113 707 1194 explet
728 1132 912 1189 consessum,
935 1135 1049 1178 summa
1071 1117 1204 1198 voluptas

248 1225 433 1307 Principium
456 1243 491 1288 ao
511 1224 581 1286 linis
604 1224 707 1302 scripti
730 1231 777 1286 est
799 1225 941 1305 cujusque
963 1225 1072 1302 legenti

248 1337 306 1397 Aut
326 1336 434 1409 minus,
458 1343 508 1396 aut
528 1333 622 1411 magis
644 1332 795 1396 intensum
817 1334 956 1404 dictantis
978 1353 1118 1399 amorem.
1147 1343 1152 1360 '

292 1445 376 1519 Quae
396 1464 444 1507 me
466 1463 522 1506 vox
543 1443 647 1506 eodem
668 1443 777 1505 arrexit
797 1445 957 1506 formidine
979 1452 1102 1506 stratum

248 1555 389 1618 Defectus
412 1553 511 1628 subiti,
532 1553 574 1616 mi
597 1552 676 1615 acuit
697 1553 751 1614 sub
773 1562 895 1634 pectore
917 1571 1017 1615 curem

201 1668 233 1720 2⁰
253 1665 377 1726 Ulterius
399 1665 490 1726 laudi.
533 1663 586 1724 Et:
610 1663 678 1724 Tibi
700 1671 779 1725 certe
801 1663 964 1741 augustius,
987 1663 1091 1742 inquit

252 1774 472 1836 'iranctandum
494 1782 540 1834 est
561 1772 700 1846 cribrum,
723 1780 756 1835 ut
776 1781 856 1834 recte
878 1791 927 1834 res
950 1791 1072 1834 cernere
1093 1776 1203 1852 possis,

250 1883 461 1962 Dicendusque
483 1882 537 1944 tibi
559 1891 613 1956 est,
637 1881 687 1962 qui
709 1881 826 1960 signum
847 1882 936 1944 vertit
957 1882 993 1942 od
1015 1882 1093 1943 istud

249 1996 344 2056 Arcus
367 1993 424 2054 tela
448 1992 499 2054 tui.
544 1991 597 2054 Cui
620 2001 704 2054 tunc:
728 1992 792 2071 Ope
813 1991 1034 2070 philosophiae,

250 2104 309 2165 Per
331 2101 528 2182 syllogismos,
551 2121 613 2181 per,
637 2121 711 2180 quae
733 2101 887 2181 Scriptura
907 2101 1057 2180 propinet,

201 2223 234 2277 25
251 2213 307 2274 llio
328 2197 408 2273 venit
429 2210 596 2288 infigendus
618 2229 702 2272 amor
722 2211 795 2273 mihi
817 2210 907 2272 corde
930 2211 985 2272 sub
1007 2211 1084 2285 imo;

251 2323 385 2401 Namque
406 2314 527 2394 bonum,
551 2330 583 2383 ut
603 2329 707 2383 natura
728 2320 801 2382 boui
823 2328 879 2393 est,
901 2321 1077 2400 simulatque
1098 2324 1223 2401 patescit

252 2431 317 2494 Hoc
338 2430 509 2511 inquirenti,
533 2430 688 2492 succendit
708 2437 813 2509 pectus
837 2447 948 2501 amore,

141 2519 147 2525 ’
254 2541 311 2615 Qui
335 2549 415 2602 tanto
438 2549 484 2602 est
504 2541 610 2621 major,
633 2539 711 2600 boua
734 2548 844 2618 quanto
867 2539 925 2599 boc
946 2539 1032 2619 plura
1053 2549 1194 2621 receptat.

252 2652 335 2714 lllius
358 2669 425 2713 esse
446 2651 536 2728 igitur
557 2668 703 2729 superans
725 2667 818 2728 genus
841 2667 927 2710 omne
949 2649 1097 2711 bonorum

203 2773 237 2825 30
254 2760 313 2835 Sic,
336 2772 369 2822 ut
389 2771 550 2840 praetereo,
573 2758 718 2839 quidquid
740 2759 780 2820 sit
801 2757 927 2820 amabile
949 2757 1061 2838 ubique

253 2871 379 2944 Mortali,
402 2869 443 2933 nil
467 2869 507 2930 sit
528 2889 616 2950 quam
638 2870 759 2932 ductum
780 2868 892 2931 lumine
915 2869 951 2930 ab
974 2869 1032 2930 isto

254 2981 356 3042 Tenue
374 2979 471 3060 jubar,
494 2989 630 3059 spectare
653 2957 758 3041 oculis
771 2987 801 3041 et
820 2989 919 3042 mente
941 2997 1066 3040 necesse
1088 2989 1141 3052 est,

255 3091 375 3152 Cunctis
396 3089 587 3170 posthabitis,
611 3096 642 3148 et
662 3108 695 3149 re
717 3088 748 3148 in
771 3105 947 3167 quacunque
970 3087 1124 3166 probanda

255 3199 382 3278 Diligere
405 3199 433 3261 id
455 3217 565 3272 verum,
590 3198 670 3277 quod
693 3197 771 3258 clare
794 3196 891 3258 elucet
912 3196 948 3257 ab
971 3196 1049 3276 ipso.

206 3317 239 3370 35
257 3309 327 3371 Tale
349 3328 433 3372 meae
455 3308 547 3370 menti
569 3308 626 3369 luit
647 3316 733 3386 aptus
756 3317 888 3368 sternere
912 3325 1014 3367 verum

254 3419 308 3480 llle
330 3419 419 3492 idem,
441 3417 570 3498 primum
591 3416 642 3496 qui
664 3416 879 3478 demonstravit
900 3435 1029 3478 amorem
1060 3472 1063 3474 ,

255 3529 339 3591 Vitae
361 3528 501 3610 cujusvis,
524 3536 675 3590 aeternum
697 3545 784 3606 quam
805 3534 906 3588 manet
927 3545 1039 3588 aevum.

255 3639 320 3701 lloe
341 3648 444 3701 auctor
466 3636 573 3700 sternit
591 3655 678 3700 verax
699 3636 775 3698 llosi
797 3636 853 3698 ista
880 3638 1017 3717 prolatus
1082 3683 1087 3691 .

257 3749 300 3811 De
323 3767 371 3810 se:
397 3749 509 3811 Cuncta
531 3748 586 3811 tibi
606 3748 759 3810 ostendum
780 3746 867 3807 bono.
912 3745 1029 3808 Sternis
1051 3748 1166 3827 etipse

207 3863 241 3916 4⁰
257 3858 355 3920 Altum
377 3858 528 3920 exorditus
551 3875 669 3918 carmen
692 3854 833 3916 coelestia
852 3855 974 3934 vulgans

170 3993 172 3997 ·
257 3967 372 4028 Arcana
393 3967 425 4030 iu
447 3967 545 4040 terris,
566 3965 648 4028 nullo
669 3984 816 4045 praecone
839 3973 965 4027 sonante

259 4077 415 4138 Grandius.
438 4109 480 4120 —
501 4076 680 4158 Audivique:
703 4076 794 4152 lgitur
816 4091 891 4154 quae
914 4075 1030 4137 discere
1052 4084 1150 4138 mente

258 4187 393 4249 Humana
415 4185 507 4260 licuit,
531 4205 607 4265 quae
629 4193 658 4248 te
680 4187 808 4248 docuere
830 4185 964 4262 magistri
1012 4191 1016 4200 “

245 4297 343 4368 ,83οή
364 4297 435 4358 huic
457 4297 631 4368 concordes,
654 4295 761 4358 iterum
782 4304 813 4358 te
834 4295 1000 4374 iterumque
1021 4296 1185 4359 monebunt

206 4417 241 4471 45
260 4405 425 4468 Observare
445 4406 540 4468 Deum
561 4405 710 4483 finemque
732 4415 878 4486 caputque
901 4417 1018 4467 tuorum

258 4517 414 4578 nudorum.
458 4514 497 4577 At
518 4534 636 4594 quoque
658 4513 717 4587 dic,
739 4535 776 4577 an
799 4517 836 4580 ad
857 4516 937 4576 hunc
958 4524 986 4577 te
1009 4517 1084 4578 torte
1106 4519 1256 4580 trabentes

1165 4621 1198 4671 u
