3282 5404
796 555 928 603 Prtttabtst
948 554 1033 604 XXVii.

660 649 665 654 .
677 649 683 654 .
698 647 797 654 -..ψη-
805 647 891 654 ...n-.—

417 772 537 836 Duravit
558 789 687 851 sernper.
731 773 841 834 Natura
863 771 915 832 dat
935 771 1001 850 ipsa
1022 770 1181 850 loquelam,

417 885 500 956 Quae
523 883 562 943 sit
583 901 708 960 cunque,
733 881 864 954 homini3
888 880 996 941 vestris
1018 898 1070 942 ros
1093 879 1206 942 viribus
1228 881 1271 941 uti

293 974 296 1062 i
352 1011 399 1062 120
416 994 474 1056 Pro
496 993 590 1054 iubito
613 991 695 1054 sinit.
740 993 815 1052 Ante
838 991 917 1051 Orco
940 1007 1028 1069 quarn
1051 989 1190 1051 illaberer
1212 997 1287 1064 atro,

294 1076 296 1097 Ι
417 1103 456 1164 El
476 1102 555 1164 inter
575 1110 690 1163 vestros
713 1120 821 1162 nornen
845 1099 902 1161 sibi
925 1117 1058 1160 summus
1080 1099 1209 1161 habebat

417 1213 501 1274 Tunc
523 1214 621 1284 Amor,
646 1212 723 1272 unde
745 1211 849 1282 fluunt,
873 1228 949 1290 quac
971 1227 1019 1270 me
1041 1207 1131 1269 isthic
1152 1205 1259 1284 gaudia
1282 1208 1407 1286 cingunt.

417 1322 530 1383 Deinde
553 1322 602 1384 ΕΗ
623 1329 667 1382 est
689 1321 795 1394 dictus,
818 1320 897 1400 quod
919 1327 1051 1380 restrum
1072 1318 1152 1379 baud
1175 1317 1302 1379 dedecet
1322 1337 1404 1379 usum

417 1431 611 1494 Consinrilem
634 1431 663 1492 in
686 1449 769 1492 ramo
791 1430 905 1492 frondi:
928 1430 997 1490 drrnr
1020 1429 1103 1508 lapsa
1125 1428 1279 1506 putrescit,

352 1547 399 1601 tea
417 1541 514 1602 Altera
537 1540 678 1602 succedit.
700 1573 741 1584 -
765 1539 822 1612 Qui
845 1557 932 1603 rnocs
953 1537 1115 1601 altissimus
1138 1537 1226 1598 undis
1366 1527 1370 1532 ’

417 1650 563 1721 imminet,
586 1650 634 1710 bic
658 1652 752 1712 irrorat
772 1648 848 1730 ritae
871 1667 1022 1728 puraeque
1046 1647 1263 1728 pudendaeque
1397 1665 1401 1676 ·

419 1759 597 1839 Hospitium,
620 1779 635 1821 a
659 1759 753 1840 prima
775 1758 848 1820 mibi
872 1757 948 1820 iucis
969 1759 1005 1819 ad
1028 1775 1124 1837 usque
1146 1755 1308 1818 secundam

419 1869 539 1941 Horam,
562 1869 612 1930 ubi
635 1870 690 1931 sab
714 1879 825 1932 sextam
848 1868 894 1930 sol
916 1886 933 1928 a
955 1866 1118 1947 quadrante
1139 1866 1262 1928 recedit

461 2307 499 2370 Et
521 2307 610 2368 Patri
629 2320 657 2370 et
679 2306 784 2370 deuito
807 2320 835 2372 ct
857 2305 1015 2368 Paracleta
1037 2305 1136 2386 picria
1158 2299 1282 2369 sancto!

420 2419 499 2479 Voce
521 2436 578 2479 una
603 2417 703 2497 coepit
725 2418 906 2497 superorum
929 2415 1077 2478 exercitus
1100 2415 1197 2476 omnis

420 2527 480 2598 Sic,
502 2535 535 2588 ut
557 2546 604 2588 me
627 2527 782 2590 abstulerit
803 2526 883 2588 dulci
904 2545 990 2588 mens
1013 2525 1094 2586 ebria
1118 2533 1216 2586 cantu.

421 2637 606 2715 Quocunque
627 2637 823 2716 adspicerem,
845 2637 917 2698 mihi
942 2636 1050 2698 laetum
1072 2636 1239 2714 expandere
1261 2636 1384 2699 risum=

386 2746 533 2812 diiuncta
553 2745 735 2818 videbantur,
759 2765 826 2807 nam
850 2765 936 2808 aures
959 2765 992 2808 ac
1014 2745 1123 2806 lumina
1145 2745 1239 2807 inibat

420 2857 480 2918 ista
502 2855 574 2916 mihi
597 2854 736 2916 ebrietas.
781 2856 805 2916 Ο
829 2856 1025 2918 inenarrabile
1047 2855 1136 2932 gaudi

297 3010 300 3050 ᾗ
419 2967 516 3046 Atque
537 2963 697 3044 voluptatis
719 2965 852 3045 pelagus,
875 2984 893 3026 o
915 2967 1030 3044 integra
1052 2965 1163 3026 amoris

419 3076 509 3137 Aetas
531 3094 567 3136 ac
588 3075 683 3154 pacis,
706 3094 870 3154 securaque
894 3075 989 3155 copia,
1012 3075 1106 3136 nulla-

418 3184 632 3246 Exstirnulante
656 3185 720 3246 siti!
742 3187 818 3247 Ante
841 3185 944 3247 oculos
966 3185 1038 3246 mibi
1061 3193 1199 3265 quattuor
1220 3185 1305 3263 ignes

372 3307 403 3358 lc
420 3295 537 3356 Incensi
560 3295 694 3367 stabant3
717 3303 763 3356 ast
783 3294 1007 3356 increbrescere
1029 3294 1128 3375 coepit

421 3405 478 3479 Qui
501 3403 585 3484 prior
607 3404 768 3477 adstiterat,
791 3407 885 3468 iactus
907 3404 980 3465 mihi
1003 3403 1132 3481 imagine
1154 3403 1231 3478 talia,

421 3514 523 3587 Qualis
546 3513 632 3574 steila
653 3515 744 3586 ioris,
766 3515 793 3575 si
814 3515 916 3576 biantis
938 3514 1022 3576 sidus
1044 3523 1074 3575 et
1094 3513 1144 3575 iiia

419 3624 483 3684 iarn
506 3623 642 3683 volucres
664 3625 735 3684 tiant
756 3632 785 3685 et
806 3642 920 3703 pennas
941 3633 1035 3684 mutet
1055 3632 1189 3703 uterque.

464 3733 547 3807 Quae
569 3751 654 3794 mens
675 3732 725 3794 bio
746 3734 844 3796 divina
865 3753 919 3796 suo
942 3734 1018 3812 regit
1039 3735 1138 3795 omnia
1158 3742 1241 3807 nutu,

373 3854 403 3906 15
420 3844 607 3922 Partiturque
629 3842 723 3902 viccrn
746 3842 946 3922 officiumque,
969 3843 1088 3904 silentia
1109 3851 1172 3904 toto

419 3955 543 4015 Fecerat
561 3952 596 4035 in
619 3953 712 4024 coelo,
735 3971 802 4012 cum
824 3972 879 4013 vox
899 3953 975 4014 haec
994 3953 1074 4014 venit
1095 3954 1132 4022 ad
1154 3972 1256 4016 aures:

419 4063 487 4125 Noli
510 4063 662 4142 admirari,
683 4061 709 4122 si
731 4081 779 4122 me
800 4071 914 4124 mutare
936 4064 1067 4124 colorem

421 4172 542 4246 Cernis3
563 4191 633 4234 narn
655 4172 711 4232 bos
733 4189 848 4244 omncs,
871 4189 918 4232 me
939 4191 1018 4234 nunc
1040 4172 1167 4245 dicente,
1187 4171 1303 4234 ridebis

420 4281 526 4342 Mutari
548 4282 668 4360 pariter.
712 4281 770 4354 Qui
792 4282 822 4342 in
844 4289 923 4342 terra
946 4293 992 4344 est
1013 4283 1085 4344 sede
1106 4283 1229 4362 potitus,

371 4394 404 4445 2⁰
422 4392 498 4452 Sede
521 4391 588 4466 data
608 4390 691 4463 mihi,
714 4392 785 4452 sede
807 4391 874 4452 deta
896 4393 980 4464 mihi,
1004 4411 1078 4472 quee
1093 4399 1184 4453 uacat
1204 4400 1274 4453 ante

422 4503 480 4564 Ora
502 4501 564 4562 Deo
585 4501 688 4579 geniti,
710 4501 747 4562 de
767 4509 872 4562 nostro
895 4501 975 4564 idern
996 4501 1047 4564 iiie
1067 4502 1228 4582 sepulchro

301 4587 1518 4714 'tm—42

888 2129 1016 2211 xrrn.

1514 2811 1517 2918 i
