3236 5394
561 555 774 607 ttnnnnnonnn
791 558 865 608 xxm.

188 774 319 852 tFiugit
340 755 493 848 canentis,
517 773 569 836 sed
592 793 651 836 nen
674 774 808 836 durabile
830 793 954 837 acumen

218 884 272 945 Est
294 885 408 946 calamo
431 884 535 958 istius3
557 903 591 944 re
613 884 784 958 deficiente,
809 885 933 946 colonus

221 993 353 1074 Corripit
375 1013 410 1055 ex
432 993 534 1054 stratis
556 993 703 1068 membra,
727 989 756 1055 bt
777 1005 950 1073 prospectat
971 1002 1001 1055 et
1023 1013 1124 1074 agrum

219 1103 327 1165 Tutum
350 1103 450 1164 albere
471 1103 553 1165 videt
574 1103 707 1177 nivibus,
731 1122 821 1183 quare
844 1104 940 1164 femur
961 1104 1028 1165 icit:

219 1212 333 1274 Deinde
356 1213 476 1274 demum
497 1211 588 1285 redit,
613 1231 648 1273 ac
669 1212 765 1291 replet
786 1211 852 1274 loca
875 1221 980 1275 cuneta
1003 1214 1142 1293 querelis,

171 1335 202 1386 lt
220 1324 258 1384 Ut
279 1322 387 1396 miser,
409 1321 545 1400 ignarus,
570 1321 641 1401 quid
663 1330 746 1400 agat3
769 1340 838 1382 mex
858 1341 926 1384 rura
948 1341 1102 1401 regressus

219 1433 355 1504 Lustrat,
380 1451 523 1511 spemque
545 1431 653 1492 iterum
676 1432 793 1506 cendit,
816 1439 927 1493 mutata
949 1433 1082 1494 revisens

219 1543 299 1602 Hera
315 1549 427 1628 ¹cuncta
449 1540 547 1613 brevi,
570 1541 761 1621 pecudesque
784 1542 820 1603 ad
842 1560 952 1622 pascua
974 1550 1091 1622 sumpta

111 1638 116 1652 ⁸
221 1650 380 1730 Compellit
399 1651 491 1728 virga.
534 1650 619 1712 Haud
641 1651 728 1712 aliter
748 1651 821 1711 mibi
845 1652 934 1712 cerda
958 1652 1063 1714 timere

221 1760 538 1840 Concussitsapieus,
560 1760 677 1822 turbata
695 1760 749 1822 ubi
773 1762 869 1823 srente
891 1760 1025 1824 videbam

173 1876 203 1929 15
219 1871 337 1950 Ipsum,
362 1870 415 1930 sed
437 1869 542 1931 tribuit
564 1877 701 1949 prompte
723 1869 796 1930 mibi
819 1871 979 1949 pharmaca
1000 1870 1092 1932 laese.

221 1979 293 2053 Qui,
318 1998 385 2040 cum
409 1978 540 2058 corrupti
563 1986 682 2040 venturu
704 1987 751 2040 est
772 1979 808 2040 ad
831 1980 927 2041 diruta
949 1981 1060 2060 pontis,

220 2089 288 2169 lpse
312 2089 416 2150 oeulos
439 2089 469 2150 in
492 2107 540 2150 me
563 2089 707 2150 convertit
730 2089 815 2151 dulce
836 2091 991 2162 micantes,

222 2198 326 2271 Qualis
349 2217 381 2259 se
403 2197 551 2259 obtulerat
571 2198 698 2278 primum
722 2198 777 2260 sub
799 2207 900 2260 moute
920 2199 1089 2261 videndum.

264 2309 417 2381 Quaedam
439 2307 560 2368 melitus
582 2326 698 2381 secum,
721 2308 917 2388 inprimisque
939 2309 1055 2370 ruinam

171 2427 204 2478 m
220 2413 405 2480 Luminibus‘
419 2417 519 2479 tacitis
542 2436 694 2491 emensus,
717 2417 839 2479 braebia
861 2419 974 2499 pandit,

222 2529 315 2605 (Haec
338 2526 447 2588 etenim
469 2527 570 2606 potior
590 2527 653 2589 risa
676 2538 723 2591 est
744 2527 890 2590 sententia
912 2527 1016 2606 menti)

108 2603 110 2695 l
220 2638 258 2699 Et
278 2657 326 2699 me
348 2637 502 2717 corripuit.
548 2637 632 2699 Tunc
654 2637 749 2718 qualis
773 2638 823 2718 qui
846 2640 935 2700 audet
956 2647 986 2700 et
1007 2657 1110 2702 ausum

219 2747 380 2820 Aestimat,
403 2766 498 2827 usque
520 2746 578 2808 sibi
601 2747 651 2826 qui
673 2748 864 2828 prospexisse
886 2748 1019 2812 videtur:

221 2858 272 2919 sic
294 2876 341 2918 me
364 2865 534 2937 correptum
556 2858 619 2918 saxi
642 2858 677 2918 ad
700 2857 818 2936 lastigie
840 2857 957 2931 tollens,

171 2968 310 3041 moueri
332 2985 402 3046 pars
425 2967 558 3028 exstabat
579 2986 639 3060 neu
663 2968 853 3046 exiguissima
876 2967 969 3048 rupis,

219 3079 361 3139 Frusturu
383 3076 463 3138 aliud
485 3077 600 3157 scopuli
623 3077 890 3157 circumspectabat
913 3077 1000 3149 acuti,

221 3188 271 3250 Sic
294 3189 387 3248 setus:
409 3187 545 3250 Manibus
568 3187 676 3250 deiude
698 3188 756 3248 hee
777 3186 936 3267 preusabis
958 3186 1098 3262 aduncis3

219 3299 257 3359 nt
277 3297 376 3376 prius,
399 3315 436 3358 an
457 3297 553 3358 valeat
572 3295 712 3358 libratum
734 3298 827 3368 serre,
850 3305 975 3357 retenta.

106 3433 109 3514 Ι
220 3407 280 3468 lsta
300 3406 451 3468 lacernate
473 3405 520 3467 via
542 3425 602 3468 neu
625 3406 765 3468 tentanda
786 3405 916 3480 veniret3

172 3522 203 3574 3⁰
219 3516 292 3577 Nam
315 3515 377 3589 vix,
401 3515 451 3577 ille
472 3516 563 3590 levis,
585 3524 656 3596 pest
676 3523 790 3594 tergum
813 3533 868 3594 ego
891 3515 1030 3588 adactus,
1055 3515 1086 3576 in
1108 3513 1199 3576 altum

221 3626 286 3698 Qua
308 3633 426 3705 reptare
449 3626 537 3687 dabat
558 3626 621 3686 saxi
644 3615 782 3704 angulus,
806 3643 882 3686 uuus
904 3633 935 3687 et
955 3625 1030 3685 alter

223 3735 378 3809 Quivimus
401 3755 557 3797 ascensum
578 3743 696 3816 petere,
720 3743 750 3796 et
772 3735 803 3794 ni
825 3736 901 3796 terte
925 3734 1031 3796 luisset

219 3845 283 3907 Hac
304 3845 397 3906 multo
419 3845 538 3907 brevior
559 3846 636 3926 septi
659 3846 750 3910 altera
773 3845 838 3925 ripa
860 3845 1024 3924 sequentis,

220 3954 329 4016 Nescio
352 3972 407 4033 ego
429 3955 523 4028 bunc,
547 3963 593 4016 ast
615 3955 679 4034 ipse
701 3972 806 4016 manus
830 3962 987 4034 superante
1011 3952 1160 4014 dedissem

173 4069 203 4123 35
219 4064 388 4144 Asperitate
408 4064 473 4126 viae
496 4064 600 4126 victus.
642 4066 749 4126 Verum
772 4065 872 4126 intima
894 4063 991 4144 campi

221 4175 293 4236 Cum
314 4182 423 4254 puteus
446 4182 564 4247 teneat,
587 4174 728 4255 puteique
750 4175 922 4254 impendeat
943 4172 1005 4234 eris

220 4284 327 4345 Totum
348 4284 513 4362 bulgarum·
526 4283 653 4364 spatium
676 4285 734 4346 boc
755 4284 885 4345 immane
906 4283 1059 4355 malarum,

220 4394 354 4474 Quisque
376 4393 452 4455 situs
474 4393 559 4456 vallis
581 4395 639 4455 sert
660 4412 751 4455 uuum
774 4411 896 4472 surgere
918 4400 1035 4473 septum

219 4503 314 4566 Altius
336 4503 488 4583 opposite.
532 4504 593 4565 Nos
615 4504 652 4565 ad
675 4504 792 4583 lastigie
815 4521 929 4567 summa
