3282 5404
598 501 732 552 rnunnrsr
751 503 850 554 xxvrn.
1224 505 1285 568 ³77
1338 455 1343 610 i

115 591 1331 616 Q

225 719 360 798 Desuper
381 735 542 796 assurgens
565 719 890 800 comitabatseptimus
912 720 980 782 illos

225 827 348 906 dmplus
371 826 421 898 ita,
444 835 476 888 ut
496 827 596 890 minus
618 836 685 908 apta
708 830 786 891 leret
807 829 1018 892 Thaumantias
1040 851 1109 895 arcu

174 944 208 996 3⁰
225 937 312 998 Hunc
335 953 452 1015 capere.
495 937 580 1000 Haud
603 957 690 1000 secus
712 947 832 1001 octavus
856 959 1011 1020 sonusque
1031 943 1181 1021 patebant,

227 1047 360 1120 Quorum
383 1046 509 1126 quisque
530 1049 711 1122 movebatur,
735 1057 824 1128 prout
844 1047 925 1110 visus
947 1049 1052 1112 abesse
1075 1060 1129 1123 est.

226 1155 259 1216 si
281 1173 434 1216 nnmerum
457 1155 580 1232 relegas,
604 1176 620 1217 a
641 1167 753 1237 puncto
775 1157 893 1236 longius
915 1178 984 1235 uno,

227 1264 370 1338 'lardior3
392 1266 637 1345 ardebatque-illi
660 1267 806 1328 sincerior
827 1269 914 1346 ignis,

228 1374 285 1448 Qui
308 1374 406 1436 minus
428 1395 444 1437 a
465 1395 557 1455 purae
578 1375 707 1438 distabat
728 1377 793 1438 luce
816 1377 941 1451 favillae,

175 1494 208 1549 55
228 1483 314 1557 Quod
336 1485 404 1564 plns
426 1492 547 1546 naturae
569 1503 655 1546 verae
677 1486 851 1560 insinuarat
876 1488 993 1567 opinor.

270 1594 342 1655 Cum
364 1613 412 1654 me
436 1613 615 1674 suspensum
637 1596 745 1658 mulier
765 1596 891 1659 vidisset
912 1598 950 1659 oh
972 1598 1061 1661 altam

227 1701 348 1764 Curam:
371 1704 494 1779 Pendet,
517 1705 567 1778 ait,
591 1705 707 1766 coelum
729 1715 892 1787 naturaque
914 1716 994 1769 tota·

226 1811 251 1873 Α
273 1822 384 1893 puncto
407 1815 465 1876 hoc
486 1834 556 1877 uno.
599 1815 684 1877 Nunc
706 1815 789 1877 illum
812 1817 931 1896 suspice
954 1818 1076 1881 circium

226 1921 304 1984 Huic
324 1941 410 2002 mage
433 1901 634 2006 conjunctum,¹
658 1933 686 1986 et
709 1925 784 1987 scito
808 1926 879 1988 lerri
901 1926 985 1988 ocius
1007 1927 1089 1991 illum

176 2043 210 2096 40
228 2032 283 2106 Ob,
307 2034 358 2113 qui
380 2033 477 2112 ipsum
499 2035 618 2113 penitus
640 2035 820 2116 penitusque
842 2035 1012 2111 inflammat,
1035 2057 1178 2102 amorem.

269 2142 346 2204 Huic
368 2161 439 2221 ego:
463 2144 496 2205 Si
517 2146 660 2206 mundum
681 2144 730 2207 hic
752 2145 832 2207 idem
853 2146 1022 2225 possederit
1043 2150 1127 2224 crdo,
1342 2163 1347 2266 Ι

229 2252 354 2326 Qu'alem
376 2253 423 2314 his
445 2254 538 2316 miror
559 2254 660 2316 inesse
682 2255 764 2326 rotis,
788 2255 891 2318 satiata
912 2265 1046 2318 maneret

227 2363 310 2424 Mens
332 2362 405 2422 milri
428 2365 574 2442 spectanti
597 2373 676 2426 tanta
698 2365 773 2427 haec
793 2366 934 2429 miracula
955 2385 1070 2442 rerum;

227 2471 354 2534 Mundus
376 2479 405 2534 at
426 2473 460 2546 is,
485 2474 595 2536 nostris
619 2475 669 2553 qui
690 2476 829 2537 sensibus
852 2475 1034 2550 obversatur,

177 2582 357 2643 dicernere
378 2581 429 2642 dat
450 2583 592 2662 sphaeras
615 2592 695 2646 tanto
718 2585 846 2647 divinius
868 2593 977 2660 auctas,

229 2693 345 2764 Quanto
368 2691 435 2753 illas
456 2693 552 2770 magis
575 2711 591 2754 a
614 2704 717 2755 centro
740 2695 852 2757 distare
873 2695 1018 2758 videmus.

229 2800 336 2875 Quare,
360 2803 385 2863 si
407 2801 557 2863 desiderio
579 2811 657 2866 meta
678 2805 779 2866 ultima
802 2812 906 2866 nostro

226 2913 322 2974 Debet
342 2912 372 2973 in
389 2912 452 2984 'hoc
473 2912 551 2974 miro
572 2913 714 2992 Angelico
737 2915 904 2976 consistere
923 2915 1046 2995 templo,

227 3021 399 3084 Extremum
420 3022 468 3083 cui
489 3023 538 3084 lux
561 3031 590 3084 et
611 3043 694 3084 amor
715 3026 919 3086 tantummodo
940 3027 1030 3086 linem

180 3143 212 3197 55
229 3131 428 3205 Constituunt‚
452 3141 527 3211 opus
550 3140 604 3205 est
627 3142 661 3193 ut
682 3133 778 3194 adhuc
799 3133 872 3194 milri
894 3133 1010 3194 discere
1033 3135 1128 3210 detur,

230 3241 287 3315 Qui
308 3241 350 3317 fit,
372 3250 405 3303 nt
425 3242 525 3304 miuus
546 3243 711 3320 exemplum
734 3250 886 3304 moveatur
907 3241 1019 3316 eadem,

230 3352 296 3426 Qua
316 3352 382 3430 lege
405 3352 563 3432 exemplar.
607 3352 680 3412 Nam
703 3351 812 3412 frustra
835 3352 865 3413 id
887 3360 1009 3430 pectore
1030 3372 1127 3416 verso.

271 3462 304 3523 Si
326 3462 413 3523 talem
436 3463 472 3523 ad
495 3462 605 3523 nodum
628 3481 661 3522 es
684 3461 784 3540 digitis
805 3463 905 3524 minus
925 3461 1007 3540 utilis
1030 3463 1116 3543 aptis,

229 3571 277 3633 Nil
299 3565 422 3647 mirum3
444 3591 540 3652 usque
564 3573 648 3646 adeo,
669 3571 751 3632 nullo
774 3571 901 3634 faciente
923 3573 1076 3651 periclum,

180 3693 213 3748 55
231 3682 364 3744 Obdurat
385 3681 508 3744 solidus.
553 3682 603 3744 Sic
625 3682 674 3744 illa
695 3690 783 3761 atque
804 3682 929 3761 insuper
949 3681 1046 3745 addit:

229 3793 349 3872 Accipe,
373 3793 452 3872 quod
474 3793 580 3866 dicam,
604 3792 630 3853 si
651 3792 695 3852 vis
718 3792 841 3854 satiatus
863 3791 955 3864 abire,

229 3903 323 3982 lnqne
346 3902 403 3963 isto
427 3903 481 3963 sao
495 3911 625 3964 mentem
647 3919 746 3964 acuas.
791 3903 874 3976 Quae
897 3919 1022 3980 corpora
1043 3903 1155 3964 circum

229 3989 400 4086 Volvuntur,
422 4019 505 4073 vasta
528 4021 666 4072 constant
687 4031 721 4073 ea
742 4011 822 4072 mole
842 4012 890 4073 rel
911 4019 999 4086 arcta,

229 4122 323 4183 Proui
343 4121 411 4201 plus
433 4127 484 4182 aut
505 4122 603 4182 minus
626 4129 671 4182 est
692 4121 752 4182 illis
773 4121 889 4182 virtutis
911 4121 1021 4201 ubique

181 4233 305 4294 essese
328 4231 524 4292 err-tendentis.
567 4230 712 4292 Bonitatis
735 4230 826 4312 copia¹
844 4230 941 4310 major

230 4343 286 4403 llat
307 4342 420 4421 majore
443 4340 537 4402 salute
559 4339 617 4402 lrui
640 4341 849 4420 cumulumque
871 4340 973 4402 salutis

81 4474 86 4486 =
223 4451 373 4533 'llajorem
396 4451 493 4533 capiet
515 4450 627 4532 majore
648 4449 797 4512 volumine
819 4467 938 4531 cerpus,
