3362 5414
297 513 492 682 Γ
525 611 529 633 ,Α
791 567 984 618 rurunuonun
1003 567 1039 616 u.

419 785 561 849 Hrcrom
584 805 659 867 quos
682 786 759 849 inter
780 785 848 848 novi
870 787 1060 866 Ancutanue
1083 793 1225 860 ereetum,
1249 846 1252 850 .

354 909 402 960 tuo
420 899 576 958 Crusnemr
598 907 628 957 et
650 905 809 968 armatum,
832 897 979 958 suffusum
1001 895 1125 957 vulturis
1148 896 1243 958 inster

417 1007 489 1084 Igne
512 1006 625 1067 oculos.
668 1007 784 1067 Murum
806 1013 906 1066 numm
929 1023 995 1066 cum
1017 1005 1230 1068 Peuruusreun

419 1116 452 1176 ln
475 1123 559 1195 perte
581 1115 720 1195 oppositu
743 1114 819 1186 vidi,
843 1114 980 1194 solioque
1003 1115 1138 1177 Lurmurr

419 1227 534 1318 Regem⁴
551 1225 857 1298 insidentem-lateri
880 1225 999 1287 Lunum
1023 1224 1174 1286 ndhderet.

421 1334 485 1397 Vidi
508 1334 590 1396 illum
612 1334 751 1406 Bouron,
775 1335 825 1414 qui
849 1333 964 1414 depulit
985 1333 1059 1396 urhe
1081 1333 1268 1414 Superbum

355 1452 402 1504 lut
420 1446 487 1506 Non
510 1444 606 1506 oculis
628 1462 697 1506 sese
719 1445 886 1515 Luoncrn,
907 1445 994 1506 Juuu
1016 1443 1141 1518 uostris,

421 1554 572 1614 Mnuruve
595 1551 799 1627 abscondunt3
822 1572 967 1633 praesens
989 1555 1152 1616 Genusum.
1179 1551 1300 1621 ,Solum

420 1663 485 1724 Vidi
509 1662 644 1743 seposito
667 1663 836 1726 Snurnmuu
859 1663 888 1724 in
912 1671 997 1743 porte
1019 1663 1183 1726 sedentem.

420 1773 515 1834 Altius
539 1772 677 1834 attollens
700 1773 804 1836 oculos
827 1773 985 1836 considere
1006 1772 1067 1834 vidi

419 1882 622 1961 Philosophus
644 1882 737 1954 inter,
761 1882 812 1963 qui
835 1890 959 1944 cunctos
982 1883 1128 1944 maximus
1152 1891 1255 1942 auctor

355 2005 403 2056 luo
419 1992 529 2054 Imbuit
551 1991 730 2071 edocuitque
753 1993 882 2072 sophos,
906 1993 956 2073 qui
979 1992 1058 2054 scire
1080 1999 1230 2072 putentur.

420 2102 504 2163 Hunc
528 2110 558 2162 et
579 2102 749 2182 suspiciunt
770 2121 875 2164 omnes
897 2112 928 2165 et
948 2102 1086 2166 laudibus
1108 2119 1213 2162 omnes

420 2213 505 2274 Hunc
527 2223 652 2273 onerent
673 2212 805 2290 megnis3
828 2213 882 2275 sed
906 2213 1065 2274 Socnnrurr
1087 2211 1218 2290 itemque
1241 2210 1404 2272 Puerorum

419 2323 495 2383 Ante
517 2321 592 2382 elios
615 2321 705 2386 istum
727 2321 852 2401 propius
875 2320 1041 2384 consistere
1064 2321 1135 2382 vidi.

298 2421 301 2566 Ι
420 2432 632 2502 Dreuocnrruu,
656 2449 727 2492 cusu
750 2431 801 2510 qui
824 2431 885 2493 vult
907 2431 1052 2492 cxcistere
1074 2431 1226 2501 muudum,

298 2569 301 2636 5
357 2549 404 2600 135
422 2542 636 2620 Drocuneuque
659 2547 689 2600 et
709 2542 908 2602 Auruncorum
931 2541 1051 2621 vidique
1074 2540 1249 2612 Turturum,

299 2641 303 2721 t
420 2651 625 2712 Eurenocueu
648 2657 737 2728 etque
760 2650 973 2722 Herceum,
996 2651 1124 2713 Zenonrs
1147 2657 1177 2712 et
1199 2647 1343 2722 umbram,

422 2763 517 2839 Atque
539 2760 765 2830 Droscouuocu,
789 2779 847 2840 quo
870 2779 931 2822 uon
953 2758 1154 2840 praestantior
1175 2759 1259 2832 alter,

422 2869 574 2949 Inspicere
596 2869 627 2928 in
649 2888 748 2931 rerum
770 2878 901 2932 naturas.
922 2933 927 2944 ‚
946 2870 1070 2930 Onrncn
1091 2869 1150 2930 vidi

423 2980 459 3040 Et
480 2980 619 3050 Mnecmr,
642 2986 797 3059 vatemque
818 2981 928 3052 Lucu,
952 2982 1151 3059 Snurouuque
1173 2979 1348 3058 magistrum

358 3101 405 3152 tto
423 3091 554 3162 Morum3
578 3099 638 3150 turn
661 3096 758 3150 terrae
781 3107 963 3170 numeroque
986 3087 1114 3152 cruentis
1136 3107 1244 3152 arenae

423 3200 590 3260 Mensorem
612 3199 780 3290 decernere,
803 3200 1080 3279 Proccunuuudue,
1104 3199 1385 3280 Hmroennr‘euque.

422 3308 489 3370 Nou
510 3309 694 3382 nuncnune,
717 3328 777 3371 non
799 3309 894 3370 detuit
915 3310 1018 3380 umbre
1042 3309 1163 3380 urcem,

422 3419 489 3479 Non
509 3419 657 3480 Avernors
679 3437 786 3498 magno
808 3418 966 3482 conamine
987 3419 1092 3480 functi.

466 3527 550 3589 Haud
574 3545 629 3606 ego
652 3536 827 3591 cunctorum
849 3545 1025 3608 percurrere
1047 3529 1169 3592 nomine
1191 3547 1324 3610 possem,

359 3649 407 3701 145
424 3636 557 3716 Namque
580 3636 681 3716 operis
704 3637 783 3714 longi
807 3638 901 3698 series
923 3637 968 3699 sic
988 3647 1089 3716 urget,
1112 3650 1145 3700 ut
1166 3646 1231 3700 ectu

427 3747 523 3826 Seepe
544 3747 643 3808 minus
664 3746 777 3808 valeam
799 3746 901 3808 multis
924 3749 1139 3828 comprendere
1161 3749 1270 3838 uerbis.

468 3855 523 3916 Hic
545 3865 658 3916 sertum
684 3855 715 3916 in
738 3855 871 3933 gemines
892 3864 992 3935 partes
1015 3876 1048 3920 se
1071 3858 1177 3920 dividit
1198 3876 1313 3937 agmen,

426 3966 520 4044 Atque
543 3965 623 4026 aliud
644 3983 699 4045 pcr
721 3964 778 4026 iter
799 3966 919 4045 sapiens
941 3986 990 4030 me
1012 3969 1118 4030 ductor
1140 3969 1254 4048 egebat,
1354 3973 1357 3980 ’

420 4074 687 4152 Extrazscpositee
711 4074 868 4154 tranquilla
890 4075 1009 4143 silentio
1031 4077 1132 4151 silvae,

339 4189 411 4248 ,150
429 4182 461 4244 ln
484 4182 563 4256 loce,
587 4182 637 4244 ubi
660 4203 730 4245 aura
752 4169 1043 4274 tremitjregionem
1064 4186 1130 4250 luce
1153 4199 1312 4250 ementem.
