3214 5400
575 535 757 587 ruuouronu
774 521 843 585 rut

204 753 283 816 Privi
306 771 374 815 oum
396 761 525 831 nequeat
546 770 608 814 non
629 760 822 834 prospectare
845 751 981 826 salntem,

203 864 263 925 Res
286 863 347 924 odii
370 864 484 943 proprii
507 880 627 942 semper
648 879 752 924 serora
775 861 916 924 manebit

204 973 264 1036 Sed
288 973 357 1052 quia
381 991 437 1034 neo
458 973 581 1044 scissus,
605 989 662 1033 neo
683 991 738 1053 per
760 991 793 1034 sa
815 979 894 1034 stare
916 971 984 1034 sine
1003 971 1054 1035 illo

203 1082 304 1145 Primo
328 1081 406 1144 ullus
428 1090 542 1162 posset,
566 1082 610 1144 sio
632 1091 661 1144 ot
682 1081 904 1163 praescinditur
925 1082 1024 1146 omnis

154 1207 186 1260 aa
204 1193 316 1254 Caussa
340 1191 401 1254 odii
424 1191 454 1253 iu
477 1192 617 1271 primum.
659 1193 812 1272 Superest,
835 1192 861 1254 si
883 1199 964 1254 reeta
985 1192 1058 1253 milri
1080 1210 1168 1254 mono

204 1301 286 1364 llaec
308 1301 490 1362 discernenti
512 1309 567 1372 est,
589 1309 631 1374 ut,
655 1319 730 1382 quae
751 1301 829 1364 mala
852 1302 999 1382 quispiam
1022 1310 1143 1374 amaret,

204 1411 238 1472 ln
261 1409 389 1472 similem
411 1411 467 1472 ista
489 1411 535 1472 sui
558 1412 715 1486 oederent3
739 1420 828 1491 atque
849 1419 949 1473 aestus
970 1413 1085 1474 amoris

202 1515 264 1583 lste
286 1521 357 1582 fimo
379 1520 410 1581 in
432 1529 532 1582 restro
555 1529 658 1583 natura
681 1521 796 1601 triplice
819 1529 947 1583 constat.

203 1631 257 1692 Est
279 1629 340 1710 qui,
361 1630 460 1692 ritino
482 1631 604 1705 alllioto,
627 1649 660 1692 se
683 1630 828 1694 excellere
849 1612 954 1717 posse

143 1757 189 1808 loo
205 1741 330 1821 Sperat;
353 1749 383 1802 et
403 1741 515 1802 ido'reo
538 1749 652 1803 tantum
674 1741 711 1802 de
734 1741 863 1803 eulmine
885 1741 916 1802 iu
938 1741 1029 1802 imum

204 1851 290 1912 llunc
312 1851 395 1930 eupit
416 1850 554 1932 ejectum.
598 1851 653 1912 Est
675 1851 726 1930 qui
747 1870 811 1912 rem
832 1852 1000 1930 lanamque
1022 1859 1151 1923 veretur,

204 1960 242 2021 Et
262 1959 364 2034 decus,
386 1969 474 2041 atque
496 1979 598 2023 auram
618 1961 697 2040 uulgi
719 1980 757 2022 ne
779 1961 901 2034 amittat,
924 1961 976 2022 ubi
997 1961 1072 2024 alter

204 2070 358 2144 Emiueat3
381 2079 473 2149 quare
494 2079 594 2133 tantus
616 2070 703 2133 dolor
724 2079 851 2150 ooctupn
872 2071 972 2142 istum

208 2179 244 2244 Ut
265 2179 413 2242 contraria
434 2188 523 2242 amet.
565 2181 643 2242 Sunt
664 2199 741 2262 quos
763 2181 871 2261 injuria
891 2181 988 2243 suerit

145 2307 190 2360 1⁰5
206 2290 361 2368 llxagilare
383 2290 435 2362 ira,
458 2291 644 2370 cupidosque
666 2290 806 2352 uloisoier
826 2290 945 2353 hostem

206 2402 351 2476 Ellioere3
374 2409 405 2462 et
424 2417 519 2478 genus
542 2401 599 2462 hoo
621 2400 775 2462 hominurn
798 2400 856 2462 sibi
877 2401 947 2479 ligat
969 2408 1089 2480 oportet

208 2512 305 2574 lleuto
326 2509 437 2573 malum
458 2509 590 2572 alterius.
634 2511 723 2572 Venit
745 2510 822 2572 inira
844 2529 929 2572 amor
949 2511 1006 2573 iste
1028 2510 1171 2572 triformis

210 2621 290 2683 Orbe
312 2619 369 2682 sol)
390 2620 450 2681 hoo
470 2620 598 2682 llondus.
632 2621 707 2682 Volo
729 2639 818 2694 nuno,
841 2629 887 2683 sat
907 2619 1019 2682 lmnine
1041 2620 1121 2684 olaro

210 2730 371 2811 Concipias
393 2729 482 2792 alium
503 2730 581 2793 hona
604 2738 773 2811 captantem
794 2732 900 2794 ordine
921 2751 1023 2812 pravo.

146 2854 193 2906 llo
211 2841 357 2921 Quisquis
380 2839 504 2901 oonluse
527 2841 695 2920 opplendis,
719 2842 797 2922 quod
822 2861 911 2922 posse
930 2843 1034 2924 jurare

209 2952 248 3014 Se
270 2958 362 3031 putat,
385 2949 465 3011 unde
487 2951 572 3030 quies
594 2951 693 3014 auimo
716 2950 865 3023 illabatur,
888 2959 918 3013 et
940 2959 1038 3031 optat:

208 3061 283 3124 Nam
305 3059 440 3141 quisquis
462 3068 572 3121 metam
595 3061 703 3141 cupido
725 3062 879 3123 oouoendit
900 3061 935 3122 ad
958 3061 1055 3123 istam.

251 3171 284 3233 Si
306 3189 370 3244 vos,
394 3178 547 3232 cessantes
569 3187 752 3249 cognoscere
775 3171 837 3232 siro
859 3170 949 3250 potiri

209 3280 303 3354 Talia,
325 3279 424 3342 lentus
447 3297 531 3341 amor
551 3281 650 3354 trahit,
673 3281 757 3354 haee,
780 3281 831 3342 ubi
853 3280 910 3341 rite
932 3278 1062 3340 dolendo

146 3392 192 3448 uo
208 3390 399 3452 Poenituisse
420 3389 505 3469 prius
526 3407 581 3452 ros
603 3398 728 3465 constet,
752 3407 870 3452 sumere
892 3407 1006 3469 poenas

209 3501 298 3564 iussa
320 3517 432 3562 ooroua
454 3499 518 3561 luit.
559 3500 641 3573 Quae
662 3518 724 3562 uon
747 3500 818 3562 sinit
839 3517 907 3560 ease
929 3499 1045 3573 beatos,

208 3610 307 3673 Altera
330 3610 428 3689 imago
449 3609 522 3671 boni
544 3620 599 3684 est,
623 3610 740 3672 lelioom
763 3610 873 3672 dooere
894 3610 984 3671 ntum

209 3721 276 3782 Non
299 3719 406 3795 donat3
428 3737 490 3781 non
511 3721 569 3782 ista
591 3720 711 3802 quidem
733 3727 837 3782 natura
859 3719 989 3797 benigna

211 3829 424 3912 eujusounquo
445 3829 518 3892 honi
540 3831 654 3892 lruotus
676 3830 795 3892 radimo
817 3829 947 3910 putanda
969 3835 1026 3890 est.

148 3947 194 4000 lat
211 3940 270 4013 Qui
293 3939 351 4002 sihi
374 3957 459 4002 amor
480 3939 570 4004 nimis
591 3941 723 4015 indulsit,
746 3959 839 4020 seque
861 3945 964 4002 elsua
986 3936 1102 4010 amavit,

210 4050 269 4112 Per
290 4056 354 4110 tres
373 4067 431 4111 nos
453 4068 543 4129 supra
565 4051 662 4112 oiroos
683 4059 729 4112 ost
750 4049 876 4124 dobilis3
899 4055 944 4110 ast
965 4047 1015 4109 llio

212 4159 311 4233 Quare
334 4161 517 4238 tergeminus
540 4160 663 4234 dicatum,
685 4161 771 4224 mitto
793 4159 913 4233 dooere,
992 4187 995 4194 ⁴

210 4269 324 4332 'leoum
346 4269 445 4332 animo
466 4277 500 4332 ut
520 4277 651 4351 reputes,
675 4270 855 4350 studeasquo
876 4267 1196 4366 inquirerekoaussam.
