3236 5394
342 553 399 618 102
758 552 952 603 rurennonuu
969 552 1044 602 xxvi.

337 789 385 839 loe
402 774 436 834 lu
460 773 567 852 quibus
589 774 718 835 meroes
742 773 836 833 lemur
856 771 996 852 posuisse
1018 771 1181 845 columnas,

401 884 483 945 Ultra
506 902 543 944 ne
566 882 633 962 quis
654 889 711 944 eet.
755 882 861 944 Dentre
885 882 921 943 de
942 889 1027 961 parte
1049 880 1156 960 reliqui

402 993 554 1072 dispelle,
577 1000 607 1054 et
627 992 709 1052 leeve
732 991 869 1071 Geptem3
892 998 954 1052 tum
976 989 1046 1052 talia
1069 991 1145 1052 dixi:

404 1103 427 1165 0
451 1105 574 1174 fratres,
598 1121 685 1162 ossus
708 1101 799 1164 duros
820 1119 1003 1180 numeroque
1026 1109 1162 1162 carentes

401 1211 521 1292 Experti
543 1230 676 1285 meeum,
698 1211 839 1272 oeoiduas
860 1209 985 1272 venistis
1008 1211 1044 1271 ad
1067 1229 1146 1271 eres.

338 1331 383 1384 1⁰5
400 1322 494 1384 Nemo
517 1341 551 1384 ex
575 1329 633 1382 tem
655 1339 745 1401 parva
765 1319 907 1398 vigilandi
929 1319 1074 1399 temporis
1095 1320 1179 1392 bore,

402 1432 489 1506 Quod
511 1449 669 1511 superesse
690 1429 784 1505 videt,
807 1429 877 1490 dere
899 1428 1038 1489 sensibus
1061 1429 1275 1508 experiundum

401 1541 547 1619 abneget,
571 1548 660 1618 etque
681 1540 768 1620 sequi
789 1538 898 1611 solem,
922 1538 972 1618 qui
994 1537 1105 1600 lumine
1128 1541 1269 1602 mundum

400 1650 426 1710 Α
446 1649 566 1729 populis
589 1649 700 1710 nudum
721 1648 837 1710 lustrat.
880 1647 1060 1728 Perpendite
1082 1659 1212 1712 vestmm

402 1762 524 1822 semen:
548 1777 608 1820 uon
629 1757 714 1820 robis
736 1758 883 1829 membre,
907 1765 937 1818 et
957 1758 1133 1837 praecordia
1155 1759 1239 1822 linxit

336 1883 384 1937 lto
400 1869 526 1942 Natura,
549 1877 581 1932 ut
603 1868 707 1930 deeset
727 1886 868 1948 pecorum
891 1885 943 1929 vos
965 1867 1062 1928 vivere
1083 1867 1182 1941 vitem,

400 1979 438 2039 At
458 1977 576 2039 virtutis
597 1977 655 2040 iter
675 1977 789 2050 moliri,
813 1985 842 2038 et
862 1977 947 2056 plura
969 1976 1082 2037 deseri.
1160 1994 1166 2006 ¹

443 2087 524 2150 Haeo
544 2107 600 2148 von
622 2105 784 2172 unalmees
806 2085 934 2148 stimulis
956 2085 997 2148 ite
1019 2086 1114 2147 suasit
1135 2086 1229 2150 acutis

401 2197 559 2286 insuetam¹
574 2205 688 2260 tentare
708 2196 800 2267 dam,
823 2204 857 2257 ut
876 2195 925 2256 vix
946 2195 1005 2256 ulle
1028 2197 1135 2258 luisset

399 2308 464 2368 Jem
487 2306 559 2368 mibi
581 2314 688 2385 sponte
709 2325 762 2368 sue
785 2305 912 2385 oupidos
932 2305 1063 2368 retinere
1083 2314 1227 2386 potestas.

335 2431 382 2484 115
399 2416 461 2476 Nec
482 2435 574 2478 more.
617 2417 661 2478 Ad
683 2417 763 2478 Eoos
785 2415 909 2495 puppim
931 2415 1130 2476 convertimus
1152 2416 1251 2490 lenos,

399 2526 562 2588 Tendimus
584 2535 613 2586 el
634 2524 756 2590 stultum
778 2525 876 2587 studio
899 2533 1078 2604 properante
1099 2525 1237 2598 volatum,

399 2635 633 2716 Addidimusque
655 2636 717 2697 ales
738 2634 848 2708 remis,
872 2635 949 2696 latus
972 2653 1065 2714 usque
1087 2635 1176 2715 potiti

400 2745 538 2807 Laevum.
580 2746 704 2824 Jamque
726 2744 788 2824 poli
811 2753 934 2808 cunetas
956 2745 1011 2805 sub
1034 2753 1122 2807 noete
1143 2745 1280 2809 videbam

400 2854 530 2916 Alterius
553 2855 672 2927 stellas,
696 2854 740 2915 sie
762 2862 792 2915 et
813 2854 996 2916 descendere
1018 2862 1162 2928 nestrum,

337 2976 384 3035 ,12⁰
402 2965 438 3032 Ut
459 2983 519 3025 non
542 2985 577 3026 ex
599 2963 688 3050 pleno
710 2983 743 3024 se
765 2965 913 3026 attolleret
934 2959 1062 3043 aequore
1084 2963 1180 3044 ponti.

400 3076 437 3144 At
458 3074 572 3136 vicibus
596 3073 693 3153 quinis
712 3075 775 3154 jem
797 3074 866 3136 lune
888 3073 1065 3138 eceenderet
1086 3074 1198 3148 orbem,

401 3184 438 3245 Et
461 3184 583 3245 totidem
605 3183 729 3246 inferius
751 3184 900 3244 delectum
921 3183 1033 3249 lumine
1053 3183 1164 3246 vultum

402 3293 518 3356 Celeret
538 3293 642 3366 terriS,
665 3300 823 3373 postquam
845 3292 1017 3356 discrimina
1039 3313 1138 3354 rerum

403 3403 497 3469 Tanta
518 3402 671 3480 ingressus
694 3422 790 3476 erem;
814 3421 881 3463 eum
903 3401 1060 3480 subniger,
1083 3403 1268 3466 intervallum

336 3519 383 3572 125
403 3511 448 3572 Ob
469 3511 605 3590 longum,
627 3513 732 3592 prooul
754 3520 823 3572 ente
845 3512 949 3576 oeulos
972 3525 1018 3572 est
1038 3512 1119 3576 visus
1142 3513 1248 3574 adesse

401 3620 500 3693 Mons,
524 3621 562 3684 ite
587 3621 706 3682 sublimi
729 3640 761 3686 se
784 3621 891 3686 tollens
912 3621 1022 3683 vertice
1045 3622 1082 3682 ed
1104 3623 1245 3696 aethram,

400 3731 438 3791 Ut
459 3730 535 3791 socii
557 3731 711 3810 aequalem
732 3731 764 3792 in
784 3732 873 3792 terris
893 3731 1005 3792 vidisse
1026 3743 1178 3810 negarent

442 3839 498 3908 Hie
518 3859 574 3902 nos
596 3839 700 3908 laeteri
721 3841 847 3920 pariter,
869 3841 922 3903 sed
944 3841 1049 3920 gaudie
1072 3849 1174 3904 nostre

397 3949 433 4014 In
455 3949 552 4012 luctus
572 3949 673 4014 abiere
695 3951 772 4025 eite;
794 3969 863 4012 uem
887 3951 1012 4016 turbinis
1035 3951 1091 4012 atri

336 4066 383 4118 13⁰
401 4059 519 4128 Tellure
542 4068 605 4122 orte
626 4079 701 4125 nore
723 4061 883 4128 vehemens
904 4060 1045 4126 violentie
1066 4079 1171 4126 navem

400 4169 433 4229 ln
455 4169 584 4248 primum
605 4169 686 4230 feriit
706 4171 798 4242 letus,
821 4181 852 4231 et
873 4180 956 4232 terne
976 4171 1041 4232 viee
1063 4171 1152 4232 torsit

401 4278 545 4339 Omnibus
568 4279 644 4340 beno
665 4279 768 4353 undis,
792 4288 822 4342 et
843 4289 946 4360 quarte
968 4281 1089 4344 sustulit
1110 4281 1168 4344 alte

399 4388 542 4466 Puppim,
565 4407 599 4449 ae
622 4389 771 4468 depressit
792 4407 926 4468 proram,
948 4397 982 4451 ut
1002 4390 1152 4470 placuisse
1174 4390 1289 4452 videtur

399 4496 529 4557 Arbitrio
551 4497 689 4571 alterius,
712 4499 808 4560 donee
828 4515 885 4560 nes
908 4499 1008 4564 obruit
1028 4495 1150 4580 eequ'or,
