3282 5404
116 437 227 716 s
632 490 765 542 rrarorsr
784 491 840 544 ιιι.
1235 491 1296 556 323

236 709 367 774 Flamma
390 707 442 770 diu
464 707 509 770 sio
529 708 609 769 hunc
631 707 742 772 circum
763 707 893 773 radiabit
913 709 1064 772 amictum.

186 824 219 888 35,
237 819 300 882 Lux
320 819 408 899 hujus
430 818 542 898 pariter
563 833 630 880 cum
651 825 735 880 aestu
757 817 920 898 precedere
941 819 1055 898 pergite

236 930 343 992 destos
366 947 433 990 cum
455 926 582 998 intuilu3
603 926 708 1006 visque
729 926 818 1010 hujus
839 935 920 993 tanta
941 929 1074 1000 resultat,

237 1038 354 1112 Quanta
376 1045 432 1110 est,
454 1035 549 1116 ipsius
571 1055 648 1115 qttae
669 1036 763 1112 gratia
785 1036 877 1100 vincit
898 1056 1034 1102 acumen.

236 1147 274 1210 Ut
294 1147 402 1212 decore
424 1146 571 1224 insignem
593 1161 630 1208 ac
650 1153 784 1210 sanctam
805 1146 914 1210 vestire
935 1147 1037 1212 licebit

237 1258 362 1318 Carnem
384 1256 501 1328 iterum,
525 1255 560 1328 si,
584 1263 617 1318 ut
638 1263 746 1336 quanta
769 1254 819 1318 illa
840 1263 894 1330 ast,
917 1257 963 1322 sic
984 1265 1045 1320 tota
1067 1257 1185 1333 redibit,

185 1379 220 1431 40
238 1367 355 1428 Gratior
375 1367 479 1428 evadet
500 1364 617 1430 cunctis
638 1383 767 1445 persona
788 1364 894 1430 beatis.

236 1477 369 1556 Namque
391 1475 486 1554 magis
507 1475 622 1552 gliscet,
646 1473 725 1556 quod
747 1473 824 1537 lucis
846 1475 939 1536 donat
958 1475 1070 1540 hahere

238 1587 376 1650 Summus
398 1603 482 1650 auror
503 1585 604 1664 gratis,
626 1583 712 1658 lucis,
735 1603 811 1664 quae
832 1602 922 1664 posse
944 1585 1020 1648 tueri

237 1698 293 1759 llat
314 1695 401 1758 uobis
422 1695 516 1759 illurn.
559 1693 686 1760 intuitus
706 1693 752 1756 sic
774 1693 879 1772 gliscat
900 1702 1027 1774 oportet,

238 1802 351 1868 Gliscat
371 1805 408 1868 ab
431 1803 540 1868 intuitu
562 1804 644 1868 calor
664 1802 782 1877 ardens,
805 1802 910 1882 gliscat
932 1813 963 1868 et
983 1803 1078 1868 almos

187 1922 221 1978 45
237 1915 310 1977 lude
332 1915 428 1976 fluens
451 1914 557 1992 fulgor.
600 1913 708 1978 Verum
730 1912 869 1976 carbonis
892 1913 928 1977 ad
950 1912 1054 1989 insto,

240 2024 298 2098 Qui
321 2022 412 2088 mittit
432 2023 590 2094 flammam,
612 2030 645 2086 et
664 2021 731 2083 vivo
754 2021 883 2087 caudore
904 2021 1046 2086 renidens

238 2134 289 2196 Sic
311 2133 393 2197 illam
414 2139 545 2212 superat,
568 2151 636 2196 sese
659 2140 691 2196 ut
712 2131 873 2196 detondere
894 2139 1023 2211 peretola

238 2243 323 2306 Haud
347 2243 432 2304 aliter
450 2241 539 2322 jubar
558 2243 626 2315 hac,
649 2240 857 2322 coeundique
881 2240 1091 2306 circumfusum

240 2352 334 2426 Quale
357 2360 412 2424 est
434 2371 452 2413 a
474 2369 564 2417 carne
586 2351 715 2414 exterius
737 2349 881 2422 vincetur,
903 2350 1018 2414 inimo

189 2480 222 2533 50
240 2465 336 2538 Quam
359 2469 436 2523 terra
458 2479 554 2540 usque
575 2461 644 2524 sinu
665 2460 758 2534 celata
780 2479 836 2526 uec
858 2459 944 2540 copia
966 2460 1043 2524 lucis

239 2574 334 2634 Tanta
358 2579 446 2652 queat
467 2571 581 2636 lassare
602 2571 723 2646 oculosa
745 2589 873 2652 namque
895 2587 1005 2648 organa
1026 2571 1122 2634 nostri

239 2681 382 2762 Corporis
405 2680 554 2761 accipient
574 2679 663 2754 viras,
685 2689 718 2744 ut
739 2680 816 2742 serre
837 2687 970 2760 potestas

240 2792 296 2864 Sit,
320 2789 462 2872 quidquid
487 2789 566 2852 dulci
588 2798 719 2856 mentem
739 2790 904 2870 percellere
927 2808 1018 2855 sensu

239 2900 354 2963 Eximio
376 2899 480 2962 valeat.
523 2899 587 2962 lam
610 2900 725 2962 alacres
746 2900 857 2964 choma
880 2918 955 2964 unus
977 2913 1008 2964 et
1028 2900 1112 2973 alter,

190 3023 222 3078 55
239 3010 408 3090 intentique
432 3027 535 3072 omnes
558 3017 627 3073 sunt
648 3009 705 3072 visi
728 3027 884 3088 erumpere
906 3009 937 3070 in
959 3004 1071 3074 Amol
1114 3076 1119 3087 „

239 3123 277 3184 Ut
299 3120 480 3185 desiderium
502 3118 635 3182 defuncti
656 3129 753 3183 morte
774 3125 890 3198 pateret

240 3230 383 3310 Corporis
405 3229 484 3292 haud
505 3228 645 3303 dubiuma
667 3247 724 3292 nea
746 3235 858 3292 tauurm
879 3227 955 3288 sorta
978 3227 1037 3290 sihi
1059 3228 1143 3307 ipsis,

239 3341 347 3404 Verum
370 3348 399 3402 et
419 3357 475 3419 pro
497 3338 601 3419 patris,
624 3355 679 3418 pro
702 3356 771 3402 caro
794 3351 920 3418 corpore
941 3336 1054 3408 matris,

239 3449 277 3510 lit
298 3435 430 3529 reliquae
451 3449 564 3520 turbae,
588 3466 675 3534 quam
698 3445 838 3520 dilexere,
860 3446 1033 3527 priusquam

191 3571 223 3624 to
239 3557 360 3620 Aeterni
382 3560 488 3622 fierent
511 3558 604 3634 ignes.
647 3555 742 3637 Atque
765 3565 981 3636 succrepante

240 3668 313 3730 Orta
335 3668 432 3730 nitore
453 3667 520 3748 pari
542 3665 737 3747 superaddier
758 3665 849 3730 altera
872 3666 985 3746 primae

239 3779 303 3840 Lux
325 3777 448 3852 circum,
471 3777 567 3868 qualis
588 3777 688 3843 finitor
709 3775 837 3841 circulus
860 3795 950 3841 aureo

240 3888 310 3950 Sole
332 3887 458 3952 vehente
478 3887 576 3960 diem3
598 3905 634 3950 ac
655 3886 745 3950 ueluti
766 3885 824 3950 sub
844 3885 978 3965 vesperis
999 3886 1090 3950 horas

240 3997 355 4060 Primae
378 3997 525 4078 incipiunt
547 4015 621 4064 nora
644 3997 728 4074 signa
751 3996 934 4061 adscendero
957 3994 987 4058 in
1010 3995 1117 4060 altum:

191 4124 223 4179 05
240 4109 300 4181 Sic,
322 4115 356 4168 ut
376 4107 407 4168 in
430 4106 568 4186 ambiguo
590 4114 766 4180 statuens,
789 4105 941 4178 credetne,
963 4113 1090 4184 negatae

241 4218 323 4278 Testi
345 4217 431 4278 oculo
453 4235 563 4290 verum,
586 4236 661 4282 nova
684 4216 907 4280 circumuertier
928 4213 990 4279 illic

239 4328 301 4389 llos
324 4336 404 4389 extra
426 4327 561 4406 geminos
582 4326 671 4391 orbes
694 4335 764 4392 suot
785 4327 919 4391 flammea
943 4324 1007 4389 risa

240 4437 340 4516 Signa.
363 4469 404 4482 -
427 4437 452 4500 0
475 4437 524 4502 lux
545 4455 641 4508 verax,
665 4454 682 4498 o
705 4433 818 4518 lampas
840 4434 970 4500 flaminis
992 4435 1055 4508 alli,

1138 4537 1188 4588 21*
