3234 5396
324 525 388 588 218
757 527 938 584 roacarouu
956 497 1014 582 r'rn

390 745 520 810 lnlerius
540 745 690 810 modicum
712 753 763 808 aut
783 745 868 808 valde
890 746 1018 809 tortasse
1039 748 1200 824 tremiscit3

390 856 428 918 tt
448 864 571 936 propter
591 863 721 928 ventum,
743 873 832 936 quem
853 855 941 918 tellus
963 856 1022 920 ima
1043 857 1189 932 recondit,

341 968 374 1024 tt
390 965 499 1029 Nescio
522 984 581 1046 quo
603 973 701 1046 pacto,
723 964 773 1026 hic
794 983 946 1044 nunquam
969 968 1139 1030 tremefacta
1161 969 1289 1046 remugit

392 1076 505 1138 Tellus.
547 1075 602 1138 llic
623 1084 736 1138 tremor
756 1081 812 1148 est,
835 1073 861 1136 si
884 1075 1003 1154 quando
1025 1075 1124 1155 aliqua
1147 1077 1219 1139 eluit
1240 1097 1360 1140 omnem

390 1185 502 1248 Labem
524 1183 629 1258 anima,
652 1191 741 1263 atque
763 1183 822 1246 sibi
845 1184 963 1264 quando
985 1185 1116 1248 evasisse
1138 1187 1255 1250 videtur

390 1295 442 1358 Sic
463 1313 546 1376 pure,
568 1303 602 1358 ut
623 1301 723 1373 surgat
743 1294 790 1356 vel
811 1303 893 1356 motu
915 1294 1017 1358 tendat
1037 1294 1068 1357 in
1090 1295 1189 1370 altum,
1253 1361 1254 1366 ,

391 1386 593 1484 lingitumque
614 1404 707 1466 istum
728 1403 948 1484 clamoremque
969 1404 1035 1485 ipsa
1059 1407 1213 1468 secundat.

341 1519 375 1574 td
390 1514 551 1578 Munditiae
572 1513 658 1576 testis
679 1521 782 1576 monet
801 1513 881 1576 istud
903 1514 967 1576 sola
989 1514 1133 1589 volontas,

391 1624 539 1686 Libertate
561 1624 663 1686 truens
686 1641 762 1703 quae
783 1623 881 1702 plena,
904 1641 1048 1703 quaerere
1070 1631 1150 1688 caru

390 1734 528 1796 Diversae
550 1733 649 1808 sedes,
671 1732 798 1794 animam
820 1739 999 1812 occupator
1016 1733 1100 1814 juvat
1121 1734 1227 1813 ipsam,

390 1844 430 1908 tta
450 1843 529 1906 velit
572 1843 648 1904 Ante
670 1841 790 1922 quidem
810 1842 886 1904 haec
905 1841 982 1917 vulta
1005 1843 1058 1906 sed
1080 1861 1139 1906 non
1164 1845 1243 1906 exuit
1265 1843 1346 1906 illam

391 1953 528 2028 llentem,
550 1971 639 2034 quam
656 1952 756 2032 justus
774 1951 866 2032 judex
886 1951 957 2014 huic
977 1952 1073 2014 induit
1094 1971 1197 2032 aeque,
1282 1977 1288 1990 ·

340 2063 374 2120 cti
390 2064 429 2126 Ut
450 2063 632 2143 delinquere,
655 2061 695 2124 ita
715 2068 746 2124 et
766 2061 890 2140 fugienti
910 2061 990 2124 haud
1010 2062 1142 2142 pendere
1163 2081 1288 2142 poenas.

433 2173 485 2236 Sic
505 2172 589 2247 mihi,
612 2170 662 2251 qui
681 2170 763 2252 jacui
784 2177 867 2233 tanto
888 2188 1027 2234 moerore
1048 2183 1183 2250 meatus

391 2283 463 2345 Plus
485 2299 574 2363 mam
596 2282 775 2361 quingentos
796 2299 902 2353 annos,
926 2280 1015 2342 modo
1037 2290 1104 2344 neta
1126 2283 1262 2344 voluntas

391 2392 501 2456 libera
521 2390 670 2472 persuasit
691 2389 797 2452 melius
820 2391 998 2469 conquirere
1020 2390 1121 2454 limen.

391 2503 468 2565 llinc
490 2500 643 2566 exaudime
665 2506 777 2562 tremor
798 2507 853 2572 est,
876 2499 1051 2580 animaeque
1072 2501 1191 2580 piorum

343 2621 377 2672 7⁰
392 2612 534 2691 Undique'
549 2627 604 2690 per
624 2617 754 2672 montem
766 2597 870 2689 'justas
892 2611 1059 2689 expendere
1081 2610 1186 2672 laudes

393 2721 503 2784 Rerum
524 2720 568 2782 illi
589 2719 721 2793 domino,
744 2719 795 2799 qui
808 2737 883 2782 ¹mox
905 2719 956 2782 det
977 2721 1121 2784 scandere
1142 2721 1181 2782 ad
1203 2729 1293 2783 astra

437 2831 489 2893 Sic
510 2831 567 2905 ait;
590 2837 620 2892 et
641 2829 781 2909 quoniam
803 2837 913 2908 quanto
936 2829 1004 2909 plus
1025 2830 1105 2892 unda
1128 2830 1233 2904 sititur,

391 2941 509 3004 Potenti
530 2947 612 3002 teum
632 2939 793 3020 jucundius
815 2938 921 3002 allevat
942 2946 1065 3013 aestum,
1355 2923 1358 2928 ’

391 3052 499 3116 Dicere
519 3048 678 3122 nescirem,
701 3057 844 3129 quantum
864 3048 924 3111 hoc
944 3067 992 3111 me
1011 3049 1121 3130 juverit
1142 3048 1172 3111 in
1187 3068 1239 3112 re.
1365 3059 1371 3074 ·

342 3183 376 3237 75
434 3162 472 3223 At
492 3162 598 3223 doctor
619 3159 748 3238 sophus:
771 3159 827 3222 llic
849 3176 954 3222 rursus
972 3158 1034 3239 jam
1055 3157 1130 3222 retia
1154 3158 1248 3231 disco,

393 3271 476 3345 Quae
497 3289 552 3332 ros
573 3268 624 3330 lric
645 3269 774 3348 capiunt,
797 3286 914 3348 queque
936 3268 1007 3330 hinc
1028 3267 1139 3330 elabier
1160 3279 1222 3330 arte

391 3381 457 3442 llos
479 3388 535 3453 est,
556 3379 636 3442 unde
657 3386 778 3452 tremor,
802 3377 873 3458 quid
895 3377 1080 3456 congaudere
1102 3377 1216 3440 soletis.

392 3490 478 3552 Nunc
498 3497 528 3552 to
547 3507 587 3550 ne
608 3489 717 3570 pigeat,
741 3489 792 3568 qui
815 3488 867 3562 sis,
889 3487 963 3550 mihi
985 3488 1094 3561 dicere,
1117 3506 1233 3567 quaque

393 3600 505 3662 Caussa
527 3599 615 3660 isthic
637 3598 729 3660 tueris
746 3597 851 3677 J'ussus
869 3596 1003 3676 jacuisse
1025 3604 1070 3659 tot
1091 3617 1195 3670 annos,

342 3720 377 3774 8⁰
393 3709 439 3772 lle
461 3715 512 3771 tua
531 3708 621 3770 verbe
642 3715 726 3770 tuum
747 3707 866 3769 iaciant
888 3740 930 3752 --
952 3705 1019 3780 Ouo
1041 3714 1175 3787 tempore
1196 3706 1287 3778 mitis,

392 3819 500 3899 lucipit
521 3817 581 3892 ille,
604 3817 697 3891 Titus,
720 3833 860 3896 supremo
882 3833 953 3896 rege
972 3816 1102 3897 juvante,

393 3929 447 3993 Est
467 3929 547 3991 ultus
568 3945 654 3990 sacro
675 3934 830 3990 manantes
852 3926 996 4005 sangnine
1018 3925 1129 4014 plagas,

395 4040 490 4113 Quem
511 4038 609 4118 pretio
631 4045 678 4100 est
697 4042 805 4116 pactus
824 4035 927 4111 ludas,
950 4053 1005 4114 ego
1026 4035 1148 4098 nomine
1170 4034 1278 4109 clarus,

396 4149 483 4222 Quod
504 4165 588 4226 mage
609 4146 760 4226 perdurat,
782 4146 895 4226 majore
917 4153 948 4208 et
968 4145 1040 4208 ditat
1060 4145 1186 4218 honore,

343 4273 377 4328 85
393 4256 458 4319 Vixi
479 4257 550 4332 illio,
573 4256 643 4318 fidei
665 4255 719 4318 sed
740 4255 874 4316 nondum
894 4255 1006 4318 lumine
1028 4255 1121 4316 claro.

394 4366 446 4430 Sic
465 4366 540 4428 mihi
560 4365 717 4447 respondit
735 4364 847 4427 vocalis
869 4363 992 4444 spiritus
1013 4383 1102 4428 aurae

394 4475 487 4540 Dulce
509 4476 680 4550 Touospno,
703 4483 735 4539 ut
754 4493 803 4536 me
824 4473 917 4536 Roma
937 4473 1106 4550 arcesserit,
1129 4482 1159 4536 et
1178 4475 1219 4538 mi
