3282 5404
650 501 786 554 Pnntblsr
804 505 844 556 xt

244 719 398 782 Pontifieis
421 719 535 794 sanxit3
558 737 617 798 quo
639 737 708 782 mox
728 719 891 800 praebente
913 721 1052 800 sigillum,

245 829 304 891 Olli
327 829 413 892 turba
435 831 579 908 frequens
600 831 674 890 mira
696 830 876 910 paupercula
900 832 967 905 rita,

195 948 228 1002 85
246 938 343 1020 Quam
364 939 472 1000 melius
490 946 611 1002 caneret
633 939 772 1000 eoelestis
795 938 888 1018 gloria
910 950 1024 1014 coetus,

246 1048 401 1125 Creverat;
423 1058 454 1110 et
475 1056 557 1110 serto
579 1057 626 1112 ost
647 1066 703 1127 per
722 1047 884 1112 Honomnrr
906 1051 1031 1114 adaucta
1051 1052 1185 1116 seeundo

243 1157 378 1220 Flamine
399 1158 436 1220 ab
459 1166 580 1220 semino
603 1158 736 1220 ductoris
757 1167 861 1221 saneta
884 1160 1003 1240 cupido.

243 1267 341 1347 thue
356 1267 473 1330 ardens
495 1268 647 1347 propriam
669 1263 724 1348 pro
748 1267 864 1331 Christo
888 1270 1041 1333 effundere
1062 1271 1151 1334 vitam
1175 1299 1178 1306 ·

243 1377 327 1438 Forti
350 1377 448 1438 animo
471 1377 551 1456 regis
571 1376 716 1456 Babyloni
738 1384 807 1438 ante
829 1396 881 1440 ora
903 1379 1032 1460 superba
1131 1355 1160 1385 ι’

194 1500 227 1555 no
246 1487 347 1548 Oravit
368 1487 478 1550 Christi
502 1504 646 1559 naussum,
669 1485 880 1568 Christumque
902 1499 1096 1568 sequentum
1130 1541 1134 1550 .

245 1596 378 1676 Cumque
400 1596 499 1660 minus
520 1573 613 1658 movit
633 1596 807 1675 praecordia
829 1597 927 1675 gentis
949 1600 1065 1674 acerba,

243 1705 287 1768 Ne
308 1705 395 1768 labor
416 1705 474 1768 iret
494 1704 537 1767 ibi
558 1705 761 1786 nequidquam
784 1707 906 1780 effusus,
929 1708 966 1771 ad
989 1727 1077 1788 agros

243 1815 363 1878 ltalioos
384 1816 480 1890 rediit,
505 1815 711 1894 sperandaque
733 1815 865 1893 gramina
887 1818 995 1880 fructu.

242 1925 335 1988 Antro
356 1943 524 1988 marmoreo
546 1923 681 1987 inelusus
704 1925 817 1986 Tibrim
838 1926 916 1988 inter
936 1935 966 1989 et
986 1926 1098 1990 Arnum

194 2037 267 2104 neh
289 2035 407 2098 Christo
430 2034 554 2114 aceepit,
576 2034 721 2113 postremi
743 2035 860 2113 insigne
883 2035 981 2114 sigilli,

243 2145 395 2222 Stigmata,
419 2163 496 2224 quae
517 2143 659 2206 memhris
680 2143 768 2206 binos
791 2144 817 2206 is
839 2146 934 2221 gessit
953 2145 984 2224 in
1006 2163 1111 2210 annos.

284 2255 484 2335 Posteaquam
497 2262 552 2316 ⁴est
572 2252 616 2314 illi
637 2253 742 2328 visum,
766 2254 817 2333 qui
838 2254 907 2316 dote
929 2255 1076 2318 honorum

243 2363 338 2426 Tanta
359 2364 441 2427 huno
462 2363 594 2436 donarat,
617 2363 777 2441 studioque
799 2372 829 2426 et
849 2371 948 2428 mente
969 2365 1111 2445 pusillum

241 2473 396 2535 Attrahare
418 2483 604 2552 assumptum
624 2472 773 2553 promissa
796 2473 833 2536 ad
855 2492 987 2554 praemra
1008 2475 1103 2552 ooeli;

177 2595 226 2648 lod
241 2582 396 2645 Fratribus
419 2584 468 2646 ille
491 2601 586 2658 suam,
607 2591 641 2644 ut
658 2583 750 2664 justis
772 2583 960 2658 haeredibus,
983 2603 1080 2664 aeque
1117 2617 1119 2624 ·

243 2694 340 2756 Cessit
361 2694 583 2768 commendans,
607 2711 664 2773 qua
685 2693 728 2754 nil
750 2692 808 2755 sibi
829 2694 928 2756 carius
950 2712 1082 2773 unquam

240 2804 273 2866 ln
295 2804 354 2864 vita
377 2803 647 2877 fueratbominam,
670 2801 728 2864 hos
749 2801 894 2878 hortatus,
917 2811 949 2866 ut
970 2805 1059 2876 istam

242 2914 420 2977 Constanter
442 2913 584 2986 oolerent
602 2912 662 2974 fido
685 2913 773 2976 istam
795 2923 918 2993 pectore
941 2923 1088 2989 amarent;

240 3023 335 3106 Hujus
358 3031 387 3086 et
409 3041 425 3084 e
447 3023 560 3102 gremio
583 3023 711 3084 emissus
734 3042 769 3084 se
789 3023 894 3086 tollere
916 3023 953 3086 nd
975 3042 1063 3086 auras

175 3144 224 3199 lot
241 3133 369 3213 Spiritus
391 3132 529 3210 egregins
550 3133 643 3194 voluit
662 3131 820 3211 redituque
842 3130 955 3211 reoepit

240 3244 275 3306 ln
297 3263 351 3306 sua
373 3261 407 3304 se
427 3257 527 3319 regna,
551 3242 638 3304 istam
660 3260 749 3304 unam
772 3241 865 3304 decus
887 3259 955 3304 esse
977 3215 1080 3306 feretri
1112 3281 1115 3302 ι

241 3353 294 3416 Sat
315 3352 428 3415 ducens
450 3352 561 3431 posito.
582 3385 626 3412 ·.-
646 3351 733 3414 Nune
754 3357 852 3412 tenum
871 3333 991 3430 'conjice
1011 3361 1120 3428 mente,

242 3462 346 3536 Qualis
368 3469 432 3524 erat
452 3463 553 3524 sosius
576 3461 705 3524 oirnbam
727 3479 845 3522 servare
866 3461 982 3541 peritus

240 3572 331 3648 Petri,
356 3579 444 3652 atque
467 3571 623 3652 explorare
644 3570 705 3652 poli
728 3579 791 3634 rate
815 3569 847 3632 in
869 3590 999 3651 aequore
1021 3571 1117 3651 signa.
1153 3623 1156 3632 .

174 3699 224 3753 llo
282 3683 346 3745 Dur
369 3681 425 3744 ruit
445 3681 494 3744 hie
514 3690 628 3742 noster.
674 3681 772 3754 Quare
794 3680 849 3742 uhi
869 3699 961 3743 nosse
982 3681 1092 3756 lieehit,

242 3793 337 3869 Quam
359 3791 466 3853 lectam
488 3809 618 3854 messem
642 3792 726 3864 ierat,
748 3790 829 3852 hune
851 3808 927 3870 quae
950 3791 1036 3856 turba
1057 3799 1207 3874 sequntur,

239 3903 277 3966 Ut
294 3901 388 3983 jubet
431 3900 468 3963 ht
487 3919 522 3964 se
543 3901 668 3980 implere
689 3918 766 3962 nova
786 3917 857 3978 grex
878 3900 965 3964 istius
987 3920 1056 3964 esee

156 4011 157 4014 ’
239 4012 331 4074 Ardet
351 4011 439 4074 hians
461 4011 553 4085 adeo,
568 4018 684 4074 utnon
704 4009 750 4072 sit.
766 4009 927 4090 prohibere
949 4017 1091 4090 potestas,

241 4121 320 4194 Quin
340 4139 396 4200 per
417 4119 553 4182 diversos
576 4119 668 4182 sabos
689 4121 804 4200 palatus
827 4120 959 4201 aborret!

173 4237 222 4292 115
240 4229 367 4310 Quoque
382 4230 483 4310 'magis
504 4230 637 4310 pecudes
658 4229 748 4309 longe
768 4231 888 4310 iateque
908 4236 1058 4309 raganhu,
1090 4279 1093 4298 .

240 4340 339 4402 Tanto
359 4339 395 4402 ad
418 4339 496 4402 ovile
516 4340 611 4418 magis
633 4339 767 4403 referunt
788 4338 929 4405 selectis
951 4339 1069 4404 inanes.

237 4449 337 4512 Nosoo
359 4450 500 4531 equidem
521 4468 557 4512 ax
577 4449 643 4514 istis
660 4447 789 4531 aliquas,
812 4466 887 4530 queo
900 4449 1017 4514 damna
1038 4451 1176 4520 timentes
