3282 5404
479 471 1033 482 m*—

371 524 433 586 384
828 525 961 576 rxexoxsx
979 527 1044 576 xxx.

328 623 423 632 ----.-.
433 623 1530 633 *mm

438 744 533 806 ditius
556 762 714 824 assurgens
737 743 825 806 nobis
847 743 1006 806 ostendere
1027 744 1118 808 talem

405 855 557 934 olncipit,
581 863 613 915 ut
635 853 720 916 stella
743 873 779 916 ex
800 853 933 915 minimis
956 855 1120 934 spectantis
1141 855 1172 916 in
1194 855 1253 916 isto

438 965 541 1028 Funde
564 963 658 1028 aciem
679 961 787 1042 ingiam
810 971 839 1026 et
860 969 950 1042 prout
971 963 1136 1026 clarissima
1158 964 1233 1045 solis

437 1074 552 1136 Ancilla
575 1074 721 1148 adventat,
745 1072 789 1134 sic
812 1071 927 1134 coelum
950 1071 1096 1136 clauditur
1116 1074 1197 1136 uni--

439 1185 553 1265 Cuique
574 1193 655 1246 extra
676 1184 834 1256 flammam,
858 1201 934 1262 quac
956 1199 1061 1261 agmen
1082 1183 1281 1262 pulcherrima
1300 1185 1425 1262 claudit;

437 1295 504 1358 Nun
526 1313 612 1356 secus
634 1293 692 1356 hoc
714 1293 825 1356 circum
846 1291 952 1354 ludens
974 1293 1041 1355 sine
1061 1293 1121 1354 fine
1144 1291 1320 1373 triumphus,

390 1405 462 1474 lod
484 1423 542 1486 quo
564 1404 660 1466 rictus
682 1422 771 1477 eram,
794 1410 944 1482 puuctum,
968 1401 1066 1466 simile
1088 1402 1205 1481 ignibus
1227 1402 1286 1466 illis

438 1514 568 1587 lncluso,
593 1532 669 1594 quos
692 1511 826 1585 includit,
848 1529 1009 1574 vanescere
1031 1513 1143 1574 sensim
1346 1597 1351 1604 υ

438 1624 526 1686 Visus
550 1633 579 1684 et
601 1621 748 1700 exstingui
770 1628 825 1683 est.
847 1653 889 1664 —
913 1621 1011 1694 Quare
1032 1641 1081 1684 me
1103 1639 1248 1701 quaerere
1268 1639 1372 1684 rursus

439 1734 481 1796 Os
503 1732 645 1796 Dominae
667 1750 766 1794 rerum
787 1731 912 1810 penuria
934 1749 1076 1812 amorque
1098 1730 1206 1810 coegit.

480 1843 543 1906 Hac
564 1841 639 1906 mihi
661 1841 739 1902 dicta
761 1848 848 1904 tenus
870 1840 897 1902 si
919 1842 1040 1904 omnino
1063 1840 1215 1904 includere
1237 1841 1269 1902 iu
1289 1861 1348 1904 uua

389 1965 421 2020 lo
439 1952 546 2015 Omnia
566 1952 653 2014 laude
674 1951 771 2024 velim,
793 1950 891 2013 minus
913 1951 969 2012 bac
992 1968 1046 2029 ogo
1069 1950 1125 2012 sim
1147 1949 1211 2014 vice
1233 1952 1360 2014 iunctus.

437 2063 504 2124 Non
526 2061 624 2135 modo,
649 2079 736 2141 quam
757 2059 827 2136 vidi,
850 2069 933 2122 trans
954 2061 1031 2122 finos
1053 2060 1142 2122 unica
1164 2072 1283 2123 nostros

437 2173 546 2236 Forma
567 2171 686 2234 modum
710 2171 834 2244 excedit,
857 2171 911 2232 sed
932 2169 1053 2248 dignum
1075 2178 1122 2231 est
1144 2171 1392 2246 credere,·solum

437 2281 586 2344 Artificem
609 2281 705 2362 ipsius
726 2289 790 2343 toto
812 2281 870 2343 hoc
892 2279 1020 2358 gaudere
1042 2290 1158 2342 creatae

379 2399 381 2404 '
438 2393 564 2454 Formae
586 2400 736 2473 portento.
778 2390 835 2453 Hic
856 2409 905 2454 me
924 2389 1034 2451 victum
1057 2398 1164 2470 sponte
1185 2390 1300 2454 fatebor

389 2513 423 2564 20
440 2502 520 2575 Plus,
543 2502 640 2582 aliqua
663 2519 750 2581 quam
773 2509 855 2581 parte
878 2499 925 2563 sui
946 2509 1103 2580 superatus
1125 2509 1155 2562 et
1175 2500 1301 2564 haerens

438 2611 611 2689 Argumenti
632 2631 762 2692 uuquam
784 2611 908 2684 steterit,
931 2610 982 2690 qui
1004 2610 1117 2674 comica
1138 2617 1253 2684 tractat,

440 2725 498 2783 Aut
518 2721 646 2798 tragicos
668 2720 795 2783 animos.
837 2721 970 2800 Namque
992 2727 1025 2782 ut
1045 2719 1144 2782 minus
1166 2727 1235 2800 apta
1257 2720 1367 2786 tuentis

439 2830 566 2892 Lumina
588 2830 643 2903 sol,
665 2830 739 2892 mihi
761 2829 806 2891 sic
827 2829 907 2892 risus
928 2829 1100 2892 meminisse
1121 2830 1238 2892 boantis

439 2941 527 3005 Parte
548 2939 595 3002 aui
617 2939 725 3002 minuit
745 2950 884 3002 mentem·
929 2939 995 3012 Quo
1017 2959 1050 3001 ex
1073 2950 1207 3021 tempore
1228 2940 1355 3020 primum

390 3058 423 3113 25
440 3051 522 3112 lilius
545 3049 576 3111 in
597 3049 686 3113 torris
707 3049 781 3110 mihi
802 3067 925 3112 cernere
947 3050 1070 3128 contigit
1091 3068 1153 3124 ora,

440 3161 505 3222 Hoc
525 3179 621 3241 usque
641 3161 680 3222 ad
702 3160 806 3234 visum,
828 3179 890 3222 uon
911 3159 1053 3223 intercisa
1075 3160 1212 3239 sequenti

395 3261 1240 3350 'Mmfflfflmwmmmm

439 3379 710 3442 Praeterlabentem
732 3378 856 3442 ulterius
878 3379 1024 3441 desistere
1047 3399 1127 3442 cura.

440 3490 477 3551 Ut
498 3489 584 3562 solet,
606 3489 645 3552 ad
666 3508 813 3552 summum
835 3507 902 3550 cum
923 3488 1010 3563 venit,
1033 3490 1160 3570 quisque
1180 3491 1295 3570 peritus

389 3603 423 3656 30
438 3600 532 3675 Artis3
554 3618 615 3660 non
637 3599 724 3662 aliter
745 3599 840 3679 qualis
862 3618 942 3662 nune
962 3599 1029 3678 ipsa
1049 3599 1167 3662 renidet

438 3710 531 3770 Missa
552 3709 616 3782 erit,
638 3709 792 3790 utentiqne
814 3709 885 3772 tuba
905 3709 983 3771 hanc
1004 3708 1117 3788 majore
1138 3728 1266 3782 reservo,

440 3820 535 3893 Quam
556 3830 659 3882 nostra
680 3819 738 3882 ista
760 3820 824 3894 init,
846 3838 922 3899 quae
943 3819 1030 3880 altam
1053 3820 1200 3886 deducere
1223 3827 1310 3882 cantu

438 3929 590 3992 Materiam
611 3936 760 4010 properat,
782 3929 871 4008 longo
894 3929 978 4008 quasi
999 3929 1098 3992 iuncta
1119 3930 1231 3991 labore.

480 4041 563 4102 More
585 4059 713 4101 acrore
735 4019 820 4100 ducis
841 4038 972 4119 prompti
993 4057 1111 4101 rursum
1133 4039 1182 4100 illa
1203 4038 1303 4100 locuta
1325 4046 1384 4100 est:

1523 4208 1526 4249 x

1382 4304 1390 4331 ’
1523 4260 1529 4405 i

388 4158 421 4214 35
437 4149 499 4210 Nos
522 4163 624 4212 sumus
646 4150 758 4230 egressi
779 4149 891 4230 majore
913 4169 949 4210 ex
969 4133 1094 4228 corpore
1116 4149 1153 4210 ad
1175 4148 1256 4221 iilud,
1313 4171 1316 4178 ·

440 4257 526 4330 Quod
547 4277 629 4322 mera
650 4260 700 4323 lux
721 4259 839 4322 coelum
859 4267 925 4333 est;
946 4257 996 4320 lux
1016 4259 1125 4321 montis
1147 4275 1247 4320 amore
1267 4257 1380 4337 repleta

439 4367 553 4446 Optimi
574 4388 674 4432 amore
695 4369 778 4444 boni,
801 4370 849 4430 cni
871 4369 960 4447 gaudi
973 4365 1068 4448 ‘copia
1090 4352 1230 4442 abundat,

439 4476 533 4539 Gaudi
552 4479 699 4542 vincentis
721 4479 866 4558 gustando
888 4477 993 4540 dulcia„
1006 4485 1123 4540 cuncta.
1527 4408 1532 4542 i
