3214 5400
584 527 763 577 runotrnnn
782 527 827 576 llll.

708 811 778 893 tlt.

256 961 387 1024 Alternis
408 961 460 1023 ubi
484 962 561 1025 dictu
584 964 665 1026 sulus
687 975 748 1038 est,
771 973 876 1043 terque
899 972 1061 1044 quaterque

215 1071 331 1134 Officiis
354 1078 399 1134 sat
422 1077 546 1150 uterque
568 1072 625 1133 luit
645 1074 770 1136 laetatus
792 1073 937 1146 honestis,

215 1180 333 1242 Restitit
359 1188 447 1260 atque
470 1181 567 1260 inquit
587 1182 778 1244 Sonnnnnus:
801 1183 878 1244 Fare
899 1182 1043 1262 decoque,

215 1291 273 1362 Qui
294 1287 371 1352 vos?
392 1323 435 1334 -
457 1290 532 1352 Ante
554 1291 669 1354 animae
691 1293 858 1373 inciperent
879 1311 967 1371 quarn
989 1292 1144 1354 advolvere
1166 1293 1259 1356 monti

180 1411 197 1464 5
215 1400 289 1461 Sese
311 1399 370 1474 isti,
393 1400 544 1478 Superum
565 1401 671 1478 dignus
693 1403 897 1463 conscendere
919 1403 1018 1475 sedes,

215 1509 291 1571 Osse
313 1527 368 1588 per
388 1511 553 1586 Augustum
576 1529 642 1574 mee
664 1519 735 1572 sunt
755 1511 913 1584 tumulata,
936 1529 1087 1591 vocorque

213 1619 388 1692 Vindicius,
412 1637 469 1682 neo
491 1621 653 1701 quidquam
675 1621 754 1682 uliud
777 1640 824 1681 me
847 1621 981 1684 omittere
1000 1621 1091 1701 jussit

214 1730 352 1804 Coelum‚
375 1729 433 1790 hoc
456 1738 598 1811 excepto,
620 1730 690 1792 fidei
713 1730 792 1809 quod
815 1730 881 1791 luce
905 1731 1049 1792 corebum.

255 1840 307 1902 Sic
327 1839 396 1900 iste.
441 1839 478 1900 Ut
498 1839 608 1913 subito,
632 1839 658 1900 si
680 1839 729 1900 cni
751 1858 800 1900 res
822 1839 908 1900 obvie
930 1841 990 1913 liet,

167 1955 197 2006 ιο
214 1949 309 2022 Quam
333 1956 448 2028 stupet,
471 1949 521 2010 liic
543 1956 599 2010 stet
620 1949 653 2010 in
674 1949 827 2027 ambiguo,
849 1949 991 2012 credetne
1013 1957 1139 2028 negetne
1209 2021 1211 2030 Ι

213 2059 247 2120 ld
269 2077 389 2120 verum:
411 2057 474 2132 Est,
498 2057 572 2120 nihil
598 2056 660 2120 est!
684 2058 805 2133 dicens3
829 2059 868 2120 ita
891 2077 924 2118 se
946 2078 999 2120 ore
1022 2059 1138 2122 serebat

212 2168 285 2241 tlte,
308 2187 343 2232 uc
365 2169 472 2230 deinde
496 2167 689 2248 supercilium
708 2167 829 2230 demisit
851 2176 881 2230 et
903 2187 991 2229 ornne

212 2278 332 2341 Pronus
353 2277 384 2339 in
407 2277 584 2357 obsequium
606 2278 686 2341 hunc
708 2296 813 2339 rursus
835 2278 1007 2358 properavit
1029 2278 1119 2350 adire,

214 2387 434 2468 Complexuqne
457 2388 561 2461 haesit,
586 2406 731 2467 quernos
754 2387 831 2449 solet
853 2407 920 2450 esse
942 2388 1078 2449 minoris.

167 2497 196 2550 15
256 2496 280 2558 0
303 2496 353 2558 lux
374 2498 574 2570 Ausonidum,
599 2504 745 2577 quotquot
764 2498 920 2578 peperisse
942 2497 1045 2560 Lotins

213 2605 252 2668 Se
271 2606 364 2686 jactat
385 2606 488 2680 tellus,
511 2625 566 2688 per
588 2625 693 2686 quern,
717 2607 828 2686 inquit,
852 2617 954 2669 nostra
975 2608 1103 2687 loquela,

214 2716 291 2788 Quid
314 2724 432 2796 posset,
456 2717 688 2791 concinnens
712 2724 863 2778 aeternum
886 2716 967 2778 illius
989 2715 1081 2787 urbis,

212 2827 295 2890 Unde
317 2827 376 2888 lui:
401 2827 551 2906 quodnam
572 2826 727 2899 meritum,
751 2845 827 2905 quae
849 2827 941 2905 grstia
964 2834 1109 2888 monstret

212 2937 255 2997 'le
272 2934 370 2998 milri?
393 2936 425 2998 Si
448 2936 555 3014 dignor
578 2944 626 2998 tue
648 2936 737 2998 verbe
759 2937 860 2998 eridire
883 2937 1064 3015 loquentem,

161 3047 193 3099 20
210 3045 326 3119 dicito,
349 3064 387 3107 cn
410 3065 446 3106 ex
468 3045 548 3108 Oreo
576 3065 672 3126 quove
693 3047 753 3108 hue
776 3047 935 3108 emerseris
958 3044 1053 3107 orbe?

253 3155 366 3216 Omnes
388 3173 444 3234 per
467 3156 563 3217 circos
586 3156 670 3234 regni
693 3175 746 3216 suu
768 3156 875 3218 damna
897 3155 1025 3216 dolentis

210 3263 274 3325 Huc
296 3265 383 3338 veni,
407 3265 526 3344 sapiens
548 3265 631 3326 dixit
676 3265 722 3326 lle
744 3265 835 3326 movit
856 3265 893 3326 ab
915 3265 974 3325 alto

210 3375 402 3436 [lescendens
423 3376 531 3448 virtus,
555 3383 585 3436 et
607 3394 641 3436 ec
663 3375 790 3436 ducente
812 3375 966 3452 proiectus

210 3485 332 3548 Adsum.
376 3485 443 3546 Non
466 3485 503 3546 ob
526 3485 618 3557 laete,
643 3485 696 3546 sed
719 3483 758 3548 cb
781 3471 841 3544 non
864 3485 941 3546 lacta
965 3485 1039 3544 tueri

159 3598 191 3650 25
210 3595 308 3656 Altum
332 3613 397 3655 sum
419 3594 527 3656 vetitus
552 3594 662 3666 solem,
687 3613 776 3674 quern
797 3601 828 3654 tu
852 3593 979 3672 expetis,
1004 3601 1033 3654 et
1055 3613 1143 3673 quem

211 3705 280 3783 lpse
303 3704 392 3766 nimis
414 3722 482 3766 sero
504 3705 583 3766 novi.
626 3705 661 3765 ln
682 3703 821 3766 barathro
844 3711 890 3764 est
912 3702 995 3764 locus
1018 3703 1069 3764 illo

208 3813 274 3876 Non
298 3833 314 3874 a
336 3815 492 3876 tormentis
514 3814 622 3889 tristis,
646 3813 699 3875 sed
722 3822 810 3874 nocte
832 3813 981 3893 protunda

209 3925 352 3997 Tantum,
376 3923 428 3985 nbi
449 3943 511 3986 non
533 3931 675 3986 resonant
697 3931 820 4003 questus
843 3923 879 3984 de
901 3941 985 3984 more
1008 3923 1181 3996 ululantum,

209 4033 266 4094 Sed
291 4034 510 4114 suspirantum3
534 4042 564 4096 et
584 4035 687 4113 pueris
709 4033 858 4094 irnmixtus
882 4032 999 4106 oberro,

158 4153 190 4204 ³0
208 4145 292 4217 Qrtos
313 4161 444 4224 propera
466 4143 602 4204 insontes
623 4162 705 4204 mors
729 4141 868 4204 dentibus
891 4150 957 4204 ante
979 4141 1148 4215 momordit,

208 4253 303 4326 Quam
325 4252 391 4315 labe
412 4253 542 4314 humana
563 4253 698 4316 licuisset
720 4253 802 4314 ubire
825 4251 940 4314 solutis.

206 4363 261 4424 Hie
284 4363 351 4424 illos
373 4363 451 4424 inter
473 4363 582 4436 sedeo,
607 4363 657 4442 qui
680 4371 780 4426 sancte
803 4363 938 4424 seruntur

206 4473 351 4536 Virtutum
374 4481 547 4537 ornamenta
568 4472 656 4536 trium
680 4472 738 4534 sibi
759 4481 894 4552 tempore
917 4470 999 4533 nullo

1163 4535 1299 4624 n*
