3234 5396
621 535 758 587 PARleSl
776 537 801 590 V.

165 771 195 822 lo
211 759 244 820 ld
268 757 343 820 nihil
367 764 421 830 est,
445 773 533 836 quern
554 756 643 836 hujus
665 756 791 834 signum,
815 755 892 819 melo
915 757 1051 836 cognitus
1073 758 1163 822 index

211 869 268 930 llic
290 867 483 930 inter-lucens.
528 863 616 926 blodo
638 873 668 926 tc
691 867 749 927 lert
769 865 848 927 scire
870 867 990 946 cupido,

211 980 265 1053 An,
290 978 341 1058 qui
362 987 430 1038 vote
451 977 552 1038 minus
572 975 760 1056 persolverit,
782 975 848 1055 ipse
870 977 1008 1055 repensis

211 1087 383 1149 Muneribus
406 1086 472 1148 eliis
494 1085 678 1146 tantumdem
700 1085 826 1147 reddere
847 1087 955 1164 possit,

213 1197 302 1259 Omni
325 1217 341 1258 e
364 1197 417 1257 lite
440 1195 623 1266 animemus
645 1203 763 1256 tutetur.
786 1223 827 1238 --
850 1196 933 1257 Tella
956 1195 1030 1257 dixit

165 1314 195 1367 15
211 1307 306 1388 Hujus
328 1306 509 1387 principium
532 1313 637 1366 cantus
658 1305 766 1367 initura
787 1304 935 1380 Merum

210 1420 317 1497 Atque,
341 1425 373 1476 ut
395 1415 445 1494 qui
469 1423 608 1494 coeptum
629 1415 709 1478 bend
731 1431 901 1476 sermonem
923 1416 1088 1487 obtruncet,
1111 1418 1152 1480 ite
1174 1417 1225 1480 ille

211 1526 404 1606 Propositum
426 1524 523 1585 tenuit
546 1536 691 1586 sunctum.
735 1526 819 1598 Ques
841 1525 968 1586 maxime
991 1528 1047 1588 dos
1071 1535 1126 1601 est,

210 1637 338 1714 Largius
359 1635 531 1712 indulgente
552 1634 624 1709 lieo,
648 1633 698 1713 qui
722 1645 826 1696 cuncte
849 1635 968 1708 crearit,

211 1748 342 1818 Inventa,
366 1754 433 1824 epte
455 1745 550 1822 magis
572 1744 736 1806 bonitatem
759 1745 916 1807 ostendere
938 1745 1043 1824 petris,

163 1861 195 1914 2⁰
213 1857 367 1935 Quemque
389 1855 416 1916 is
437 1853 558 1934 plurimi
580 1849 679 1927 babet,
703 1854 759 1916 tuit
780 1855 856 1916 beet
876 1855 922 1916 vis
943 1855 1038 1917 libere
1059 1858 1150 1918 vestri

210 1966 333 2029 Arbitrii
355 1966 385 2027 in
407 1965 506 2036 terris,
530 1981 587 2044 quo
609 1974 716 2026 cuncte
739 1973 769 2024 et
790 1965 853 2025 sols
876 1973 984 2038 create,

213 2077 307 2150 Queis
329 2077 429 2137 lumen
452 2074 577 2136 rationis
600 2074 688 2148 inest,
711 2075 803 2136 ditsta
825 2076 952 2148 luerunt,

211 2187 249 2248 Et
270 2193 349 2247 sunt.
391 2186 487 2259 Nune,
509 2184 535 2245 si
557 2183 712 2263 conjicias,
734 2183 795 2244 voti
817 2183 876 2246 elte
898 2185 1014 2263 patebit

210 2296 320 2370 Virtus,
343 2296 369 2358 si
393 2295 460 2375 quis
482 2297 516 2356 lit
535 2311 615 2366 reus,
639 2309 674 2354 ec
695 2293 774 2354 licus
796 2302 906 2356 ernust
928 2293 987 2373 ipsi

162 2406 194 2459 2⁵
211 2407 294 2468 Ultro
317 2405 493 2486 paciscenti.
537 2403 610 2464 Nem
633 2403 712 2465 inter
731 2403 944 2483 hominemque
966 2403 1119 2486 Deumque

210 2517 302 2577 Foeta
323 2515 398 2576 tides
420 2515 471 2575 ubi
494 2514 543 2587 sit,
566 2512 697 2574 thesauri
720 2512 838 2574 victims
860 2513 944 2588 tend,

212 2626 308 2698 Quem
331 2625 409 2698 dico,
432 2623 539 2696 eredit,
562 2623 747 2702 proprioque
770 2623 969 2702 obstringitur
989 2633 1066 2686 ectu.

212 2734 291 2808 Quid
314 2734 389 2796 tenti
410 2742 464 2808 est,
488 2749 609 2813 quaeso,
632 2733 732 2810 pretii,
755 2751 814 2813 quo
836 2741 869 2795 tu
891 2735 949 2796 iste
970 2732 1146 2816 rependes?

209 2845 283 2906 Nem
305 2844 361 2905 tibi
383 2844 412 2904 si
433 2841 542 2904 oblatis
564 2842 608 2903 uti
630 2842 707 2904 bene
728 2861 819 2924 posse
840 2839 961 2918 videris,

162 2969 194 3022 so
209 2955 253 3016 Ex
274 2954 352 3016 mele
374 2953 500 3015 sublatis
523 2952 615 3030 igitur
635 2953 681 3015 vis
704 2971 840 3016 erescere
861 2954 951 3016 bede.

252 3065 318 3126 Jem
340 3063 420 3144 quud
441 3064 509 3143 plus
530 3065 632 3137 relert,
654 3063 814 3124 manifesto
837 3063 868 3124 in
889 3063 1002 3124 lumine
1024 3064 1145 3140 cernis;

211 3174 271 3236 Sed
294 3175 362 3254 quis
385 3175 436 3235 det
456 3173 572 3234 venium
594 3172 753 3250 indulgens
775 3172 902 3234 ecclesia
925 3181 1038 3246 sancte,

165 3275 169 3282 ’
211 3284 299 3358 Quod
320 3283 441 3364 penitus
463 3291 567 3346 contre
589 3329 597 3355 ,
621 3301 697 3363 quse
718 3281 790 3356 diri,
812 3299 883 3344 vere
903 3280 1029 3356 videtur,

210 3395 297 3457 Nunc
317 3404 347 3456 te
368 3393 489 3474 paulum
510 3393 600 3456 etism
622 3392 659 3452 ed
680 3407 814 3454 mensum
836 3391 1004 3456 consistere
1026 3401 1161 3472 opmtet3

163 3516 195 3570 ³5
210 3505 346 3585 Namque
368 3504 467 3566 cibum
489 3503 627 3582 rigidum,
650 3502 769 3582 qualem
792 3509 821 3563 te
843 3519 961 3565 sumere
979 3499 1066 3582 jussi,

211 3616 248 3678 Ut
268 3615 346 3678 bene
369 3614 539 3687 distribues,
562 3613 693 3692 aliquem
716 3611 769 3672 tibi
791 3627 917 3692 poscere
939 3613 1031 3674 debes

211 3726 326 3787 Rursus
348 3742 446 3804 opem.
489 3723 557 3785 Tibi
579 3723 738 3785 consilium
761 3739 840 3784 nunc
861 3719 985 3801 pendito
1006 3722 1132 3795 mentis.

210 3835 248 3896 Et
269 3853 335 3895 mee
357 3833 435 3896 dicte
457 3846 544 3908 tene;
566 3849 635 3894 nem
657 3827 729 3912 quid
750 3827 804 3893 tibi
827 3831 943 3894 discere
963 3832 1097 3912 prodest,

212 3944 306 4025 Cepis
327 3943 379 4004 ubi
401 3943 480 4005 desit
501 3943 650 4004 retinendi
672 3943 786 4004 intentu
809 3939 978 4022 tenaxque?

162 4055 302 4117 tristius
324 4062 429 4116 notura
451 4052 529 4114 seori
551 4069 601 4113 res
623 4051 764 4114 convenit
785 4051 887 4114 intre.

210 4165 310 4239 Bidos,
334 4181 458 4244 querum
479 4179 538 4224 uns
561 4171 615 4235 est,
639 4179 696 4241 que
718 4161 985 4234 sollemnissime,
1009 4168 1040 4223 ot
1060 4179 1127 4235 uns,

211 4274 309 4347 Quem
330 4273 420 4335 debet
440 4273 589 4354 promisse
611 4273 696 4333 fides.
739 4271 845 4334 Dolore
866 4279 1001 4351 potestus

210 4385 397 4445 Postremum
418 4383 498 4443 nulle
520 4391 575 4455 est,
598 4377 658 4443 nisi
680 4381 723 4442 sis
745 4382 822 4443 benc
843 4381 960 4442 solvere
982 4389 1096 4456 certus3

213 4475 300 4566 Quod
322 4492 368 4554 sic
388 4492 525 4572 praecise
547 4507 636 4572 supro
657 4507 724 4552 moa
745 4491 847 4571 lingue
868 4489 1019 4554 mouebat
