3234 5396
575 522 757 574 auaelroan
774 524 850 574 mvl.
1216 529 1278 594 237
1379 491 1381 500 ¹

1056 623 1315 638 ¹-'—¹—-·-·——-

213 741 251 803 Et
272 742 405 804 dicturus
427 761 520 816 eram,
541 742 609 821 quis
631 741 697 817 sim,
718 741 778 804 nisi
798 742 861 804 risa
881 751 1005 823 repente

214 853 273 915 lies
295 852 350 915 alia
374 870 409 914 ao
430 852 578 932 necopina
598 871 652 914 sua
673 852 802 913 novitate
825 860 993 932 stupentem

213 962 260 1025 llo
283 962 445 1024 defixisset
487 961 585 1023 llledio
607 979 675 1022 nam
697 961 728 1022 in
750 961 824 1023 oalle
846 972 982 1025 vomente

165 1091 197 1146 25
213 1073 369 1145 Flammas,
391 1072 461 1133 huis
482 1070 564 1150 genti
585 1087 658 1148 gens
681 1071 767 1134 obvia
789 1073 885 1134 ironle
906 1072 1019 1147 ruebat,

215 1182 298 1255 Quae
319 1201 368 1244 me
390 1199 570 1260 suspensum
591 1181 696 1243 tenuit.
739 1180 831 1244 Video
854 1181 984 1262 undique
1008 1203 1157 1266 quamque

213 1291 352 1354 Umbram
373 1290 416 1352 ibi
438 1291 544 1354 festine
566 1290 696 1353 venienti
717 1307 875 1354 ooeurrere
897 1301 927 1354 et
947 1311 1051 1355 unam-

214 1401 371 1480 Quamque
394 1400 451 1462 sibi
473 1400 596 1462 alternis
616 1400 757 1480 partirier
778 1401 879 1463 oscula
901 1403 1017 1482 raptim,

211 1510 275 1572 Neo
294 1529 460 1574 remanere.
481 1509 565 1572 brevi
587 1517 754 1574 contentam
775 1511 900 1590 pignore
922 1512 1042 1574 amoris.

163 1631 196 1684 to
210 1619 278 1682 Non
300 1619 387 1682 aliter
407 1619 525 1697 nigrum
546 1620 579 1682 in
600 1619 714 1700 eampis
737 1621 860 1683 formica
880 1639 938 1700 per
957 1639 1062 1700 agmen

156 1777 158 1782 .
212 1729 254 1792 Os
277 1731 322 1792 ori
343 1729 465 1792 alterius
483 1730 590 1810 jungit,
614 1748 681 1791 eum
703 1731 779 1792 lorte
801 1730 910 1810 cupido

211 1839 283 1900 Fert
303 1840 362 1901 iter
382 1847 411 1901 et
432 1857 521 1902 ossus
543 1840 684 1902 comitam
704 1841 824 1902 novisse
846 1859 975 1905 suarum.

252 1949 291 2012 Et
312 1950 435 2012 simulac
454 1949 552 2010 visum
573 1958 620 2012 est
641 1966 833 2027 congressum
855 1949 970 2012 solvere
992 1952 1129 2026 amioum,

209 2059 285 2122 Ante
307 2059 391 2140 prior
410 2078 520 2139 passus
543 2077 629 2140 quam
651 2059 719 2121 illae
741 2059 921 2122 transmittat
942 2069 1055 2135 euntes,

162 2173 193 2228 ³5
210 2169 332 2248 Singula
355 2187 489 2249 quaeque
509 2187 617 2231 novam
637 2187 694 2249 per
714 2187 747 2231 se
769 2187 911 2248 superma
932 2168 1046 2232 laborat

211 2279 343 2353 Gentem,
368 2279 521 2341 olamando
544 2278 619 2342 elate
640 2279 802 2354 Sodomam
823 2285 911 2358 atque
934 2279 1124 2358 Gomorram

208 2390 248 2451 Et
269 2408 344 2451 nora
365 2406 439 2466 gens
461 2395 563 2450 oontm
585 2387 728 2452 clamabat
748 2395 870 2469 peotore
891 2395 970 2451 toto:

207 2498 355 2577 Pasiphae
373 2515 497 2560 vaooam
516 2499 652 2577 ingressa
674 2507 729 2573 est,
750 2507 784 2560 nt
805 2508 907 2561 taurus
928 2499 960 2561 in
981 2500 1057 2562 iram

207 2608 350 2670 Lascivae
372 2608 510 2670 irrueret.
552 2607 626 2669 Dein
648 2608 755 2688 pennis
777 2607 836 2678 alta
857 2617 1009 2672 sesamum

159 2731 191 2783 lo
206 2719 290 2780 More
312 2736 426 2797 gruum,
448 2718 520 2780 dum
539 2737 611 2798 pars
632 2727 750 2780 montes
771 2720 846 2798 petit
865 2737 925 2782 una
946 2720 1108 2801 Riphaeos,

206 2827 307 2916 Altera
328 2847 470 2891 arenosas
492 2836 596 2901 terras,
619 2847 654 2890 ea
674 2830 778 2908 lrigus,
801 2837 831 2892 et
851 2829 907 2891 ista

206 2938 362 3018 Effugiens
384 2937 493 3012 solem3
516 2937 614 3017 pergit
635 2957 708 3017 gens
729 2939 829 3014 altera,
852 2939 995 3020 adestque

205 3048 324 3124 Altera3
346 3047 453 3110 deinde
475 3048 583 3110 itemm
603 3048 636 3110 in
656 3048 793 3110 lacrimas
817 3056 980 3128 cantusque
1002 3051 1121 3129 priores

205 3158 271 3220 nat
293 3158 506 3238 clamoresque,
528 3165 617 3238 prout
638 3157 707 3238 plus
729 3175 875 3238 quamque
896 3157 1031 3220 decebat.

157 3280 189 3334 45
249 3267 363 3332 Deinde
385 3267 459 3330 mihi
480 3284 635 3330 accessere
657 3268 773 3340 iterum,
794 3267 875 3329 velut
894 3275 972 3342 ante,
995 3277 1134 3346 rogantes

208 3379 291 3453 Quae
312 3377 396 3458 prius
417 3377 600 3451 adstiterunt,
622 3378 811 3457 intentasque
834 3395 886 3438 ora
905 3376 1057 3440 tenebant.

248 3489 326 3550 'lum
348 3488 399 3568 qui
419 3487 467 3550 bis
487 3487 548 3550 vidi
569 3486 708 3562 sudium,
732 3487 811 3567 quod
833 3487 943 3566 gratius
965 3496 1056 3562 esset,

205 3599 257 3661 Sio
280 3597 383 3678 coepi:
407 3597 432 3660 0
455 3598 570 3660 animae
592 3613 697 3660 secana
716 3615 791 3679 paea
811 3597 911 3677 potiri,

202 3707 387 3770 Advenienle
408 3708 467 3784 dia,
489 3715 603 3783 certae3
625 3725 683 3769 neo
703 3708 818 3782 acerba,
839 3727 896 3770 neo
917 3726 990 3770 aevo

157 3824 189 3878 5ο
204 3817 297 3879 Plena
318 3825 524 3881 remanserant
545 3817 607 3880 illio
626 3835 693 3880 mea
715 3817 857 3894 membra,
879 3818 932 3882 sed
954 3819 1020 3899 ipse

203 3927 321 3990 liscum
342 3927 418 3990 haeo
437 3927 551 4008 portavi
573 3945 647 3990 oum
663 3927 806 4006 sanguine
828 3937 857 3990 et
878 3928 999 3991 ossibus
1021 3928 1129 3990 isthuc.

203 4037 281 4098 Hine
304 4053 359 4114 ego
381 4037 562 4113 conscendo,
583 4055 622 4099 ne
645 4055 754 4100 eoeeus
775 4057 823 4100 me
844 4038 976 4119 implicet
997 4056 1083 4101 error

203 4147 372 4208 Praeterea.
413 4147 521 4210 Mulier
541 4148 659 4228 superis
680 4148 712 4209 in
733 4147 855 4211 sedibus
877 4148 983 4221 adstat,

202 4257 287 4318 liano
309 4256 382 4317 mihi
404 4275 478 4336 quae
500 4251 603 4319 eaoral
623 4253 749 4332 veniam,
772 4266 802 4320 et
822 4257 945 4320 mortale
966 4277 1022 4338 per
1043 4257 1147 4322 orbem

153 4375 187 4430 55
202 4365 272 4445 lpse
294 4364 359 4428 loro
381 4373 521 4429 vestram.
564 4367 624 4430 Sed
646 4367 742 4448 major
760 4375 858 4430 vestra
879 4366 988 4448 oupido

203 4475 255 4538 Sio
275 4475 328 4537 liat
348 4483 478 4539 saturata
501 4477 569 4554 aito,
590 4485 624 4541 ut
643 4477 750 4540 domus
771 4477 891 4559 hospita
912 4477 1028 4541 eoelum
