3282 5404
812 491 946 540 rennuis!
963 492 1041 542 XXIX.

899 775 1013 858 XXiX.

474 927 546 990 Cum
569 927 679 1005 gemini
701 927 805 990 iratres
827 929 942 992 Latona
962 941 1055 992 matre
1077 929 1179 1004 creati,

430 1037 540 1118 eretis
561 1037 610 1100 hio
631 1045 714 1117 tergo
736 1037 858 1112 relatus,
882 1047 912 1100 et
933 1039 1024 1100 nitere
1045 1039 1145 1114 Libra,

429 1147 472 1209 lie
494 1146 595 1222 circlo,
618 1148 748 1210 medium
770 1149 914 1228 sphaerae
937 1151 987 1228 qui
1009 1149 1148 1212 terminat
1169 1149 1282 1224 orbem,

430 1257 564 1320 Effecere
587 1257 644 1320 sibi
667 1276 781 1332 zonam,
804 1275 874 1338 pers
896 1258 1037 1338 quantula
1059 1259 1083 1320 it
1103 1260 1204 1334 horoe,

397 1365 473 1426 tiix
495 1385 552 1446 qna
574 1367 653 1446 quod
675 1375 816 1448 punctum
839 1387 929 1448 supro
951 1377 1040 1448 eaput
1061 1369 1167 1442 adstat,
1190 1380 1349 1448 utrumque

429 1475 532 1539 Librnt
553 1477 700 1556 utrimque
722 1495 826 1556 oeque,
849 1477 945 1540 donec
967 1477 1095 1558 quisque
1117 1478 1216 1542 exsilit
1236 1478 1298 1552 iilo,

430 1585 615 1648 semiorbem
636 1595 763 1660 mutans,
786 1585 901 1662 cinctu3
924 1605 993 1666 pars
1015 1587 1126 1650 tantulo
1147 1587 1231 1668 lapso
1252 1595 1299 1650 est

429 1697 537 1768 Horae,
560 1713 626 1756 cnm
650 1696 740 1758 tacuit
761 1695 824 1757 risu
847 1697 960 1758 suffusa
981 1696 1123 1770 Burrum,

429 1805 597 1886 Inspiciens
618 1805 714 1868 oculis
735 1813 876 1868 contento
897 1805 1009 1868 lumine
1030 1813 1182 1885 puuctum,

382 1915 453 1977 lttX
475 1935 535 1996 quo
556 1915 651 1978 rictus
673 1935 769 1991 ernm;
790 1915 889 1977 verbis
912 1915 980 1977 dein
1002 1915 1110 1979 talibus
1132 1917 1214 1978 iolit:

428 2025 511 2098 iiico,
534 2043 591 2086 nec
612 2025 714 2098 scitor,
737 2026 817 2105 quod
839 2044 923 2101 ares,
947 2043 1074 2105 nomque
1097 2026 1196 2088 omnio
1218 2025 1286 2101 vidi,

427 2135 636 2216 Prospectons,
659 2134 709 2198 ubi
732 2135 817 2222 ndest
836 2133 920 2198 locus
943 2136 1050 2210 omnis,
1073 2143 1191 2216 tempus
1213 2143 1243 2198 et
1264 2154 1362 2196 omne.

427 2244 494 2306 Non
516 2253 557 2316 ut,
581 2245 661 2324 quod
682 2263 832 2325 nunquam
855 2245 920 2308 fieri
943 2264 998 2306 nos
1020 2263 1112 2326 posse
1133 2245 1276 2318 videmus,

427 2357 534 2419 Xuctet
555 2373 644 2435 opos3
667 2355 720 2416 sed
742 2365 783 2430 ut,
806 2374 824 2417 a
844 2363 926 2418 tento
949 2356 1029 2434 quod
1050 2355 1162 2417 lumine
1184 2354 1329 2435 splendet,

304 2434 308 2532 Ι
379 2474 411 2527 15
427 2465 541 2538 Dicere,
565 2463 711 2538 Sutsisro,
733 2464 839 2544 possit,
863 2463 915 2544 qui
937 2483 1066 2544 semper,
1089 2473 1120 2527 et
1140 2465 1201 2526 ullo

427 2577 481 2637 Est
502 2574 568 2636 sine
590 2574 755 2655 principio:
778 2575 890 2638 idcirco
914 2583 994 2638 extro
1015 2583 1132 2655 tempus
1155 2583 1185 2636 et
1206 2593 1325 2636 omnem

426 2685 566 2746 Normom
588 2684 675 2746 oliam
698 2685 826 2765 exempli
849 2684 941 2747 voluit
962 2705 996 2747 se
1018 2685 1176 2746 ostendere
1198 2685 1335 2748 Amorem

425 2796 585 2856 Aeternum
606 2793 673 2873 ipse
694 2795 779 2856 noris
801 2795 832 2856 in
853 2795 1012 2858 Amoribus
1033 2795 1110 2858 ultro
1133 2795 1252 2856 creatis.

468 2905 538 2978 Nec,
562 2903 646 2984 quasi
667 2905 821 2984 torpuerit,
844 2905 928 2985 prius
951 2913 996 2966 est
1013 2903 1146 2986 jacuisse
1167 2903 1335 2984 putendns3

375 3021 410 3074 2⁰
426 3016 492 3077 Non
514 3014 663 3094 processit
684 3014 763 3076 enim
785 3013 870 3093 prins
892 3022 942 3076 aut
962 3013 1105 3094 posthae
1127 3032 1219 3094 snper
1239 3013 1334 3074 undas

424 3127 502 3187 Aura
524 3124 588 3188 noi.
630 3123 783 3186 Exsiluere
804 3132 872 3186 octu
889 3125 1022 3205 junctae,
1045 3132 1133 3204 atque
1154 3141 1252 3185 meroe
1275 3142 1323 3184 res

424 3235 531 3297 Formo
553 3254 589 3298 ac
610 3234 758 3310 materies,
781 3233 832 3297 ubi
854 3234 934 3298 nulle
953 3243 1003 3298 ,est
1024 3234 1131 3296 menda
1155 3241 1283 3312 reperto,

423 3345 489 3408 Non
512 3362 600 3406 secus
622 3363 656 3406 oo
680 3344 788 3424 triplici
811 3363 846 3406 ex
869 3343 979 3406 chorda
1001 3343 1057 3406 tria
1080 3343 1194 3423 spicula
1217 3342 1319 3405 missa.
1347 3417 1350 3428 .

423 3456 466 3516 Ac
486 3455 566 3515 velut
588 3455 618 3514 in
638 3454 725 3528 vitro,
749 3453 870 3528 electro,
892 3453 955 3516 sive
978 3453 1009 3514 in
1032 3454 1169 3533 crystalio

375 3571 408 3624 25
424 3565 476 3626 Sic
497 3564 598 3626 radius
620 3564 717 3638 micat,
740 3573 773 3626 ut
793 3564 847 3626 tibi
869 3563 1012 3644 temporis
1034 3563 1229 3650 intervalium,

348 3675 354 3694 ¹
424 3675 496 3736 Cum
518 3674 599 3737 venit
619 3692 654 3736 ao
676 3674 764 3736 simul
786 3683 833 3736 est
852 3683 942 3748 totns,
966 3673 1141 3752 dignoscere
1163 3692 1224 3734 non
1246 3672 1299 3734 sit:

423 3785 507 3846 ilnud
530 3803 618 3846 secus
640 3785 773 3858 effeetus,
796 3784 840 3846 sic
862 3785 941 3864 Rege
962 3783 1097 3865 jubente,
1121 3784 1264 3844 triformis

423 3896 558 3969 Quantus
580 3901 645 3956 erat
665 3893 754 3956 simul
777 3894 907 3968 emicuit,
930 3893 1102 3956 discrimine
1124 3894 1154 3956 in
1176 3899 1245 3954 ortu

421 4004 517 4078 Nullo,
537 4005 599 4085 jam
621 4011 710 4065 totns.
754 4003 854 4066 Rebus
877 4004 966 4066 simui
987 4004 1061 4065 ordo
1084 4013 1210 4076 creatus,

372 4133 405 4184 oo
422 4116 675 4194 constructusquc
696 4114 760 4188 fuit,
784 4132 918 4194 quaeque
941 4122 1008 4176 octu
1031 4113 1167 4193 simplice
1189 4118 1328 4174 constent

421 4225 455 4286 in
476 4225 587 4286 mundo
608 4223 730 4297 formae,
753 4241 899 4285 summum
922 4231 1042 4284 tenuere
1064 4241 1216 4295 cacumen,

420 4333 557 4413 Puroque
578 4334 622 4394 vis
645 4333 746 4405 imum,
769 4332 900 4394 medium
922 4340 990 4396 octn
1010 4333 1144 4413 praedito
1168 4350 1262 4412 eoque

419 4443 534 4506 Vimine
557 4443 726 4519 constricto,
749 4451 781 4506 ut
802 4461 952 4523 nunquam
974 4461 1027 4503 sue
1049 4441 1166 4504 vinculo
1188 4443 1292 4503 sciret.

719 4641 917 4654 *nu-
