3282 5404
633 559 766 609 Psathis!
785 560 866 609 ΧΧΙΙΙ.

186 789 238 840 130
257 777 339 851 Quae
361 777 435 839 mihi
457 795 561 838 caussa
585 777 649 847 ruit
672 793 725 838 cur
747 774 818 838 olim
839 785 938 838 ruente
960 781 1089 857 putarim

255 888 341 966 Hanc
361 906 455 950 raram
477 907 511 949 ac
534 887 666 950 densam.
710 885 775 959 liic,
797 886 965 966 Hyperione
987 895 1064 962 nate,
1087 897 1204 952 tuorum

255 997 376 1077 Spicula
399 997 526 1058 sustinui
548 997 750 1076 splendorum,
774 1015 892 1076 quoque
914 1003 1050 1058 rotentur

254 1108 368 1186 Impete
390 1115 419 1167 te
442 1107 553 1168 circum
575 1114 661 1166 natus
683 1106 757 1186 hiaja
780 1114 868 1185 atque
890 1106 994 1178 Dione,

255 1215 376 1277 Miratus
399 1215 498 1288 didici,
521 1224 553 1276 ut
573 1215 745 1281 moderetur
765 1216 902 1295 Juppiter
923 1215 984 1293 igni

187 1333 237 1384 135
254 1325 330 1398 Nati,
354 1325 479 1406 alguque
500 1325 604 1405 patris.
648 1325 797 1388 Stationes
820 1341 925 1386 caussa
948 1326 1076 1388 novandi

255 1435 339 1496 Tunc
360 1435 465 1514 patuit.
509 1435 576 1496 Vidi
598 1443 721 1515 septena
742 1435 818 1496 haec
841 1451 975 1514 corpore,
994 1444 1111 1516 quanta,

255 1543 358 1617 Qualia
380 1553 473 1617 erant,
496 1545 634 1625 qualique
656 1543 738 1606 iham
757 1543 870 1606 velocia
893 1553 982 1616 motu,

256 1655 349 1734 thue
370 1654 462 1733 potita
486 1655 543 1716 situ
566 1653 688 1715 distanti
712 1654 826 1731 singula
849 1654 963 1715 cedant.

252 1763 359 1826 Areola
380 1765 463 1836 haec,
486 1782 561 1843 quae
582 1783 638 1824 nos
659 1765 734 1826 adeo
756 1763 826 1825 iacit
847 1783 914 1825 esse
936 1765 1063 1836 feroces,

187 1881 237 1934 14⁰
253 1875 298 1936 hie
321 1873 409 1934 simul
431 1882 548 1936 aeterna
569 1874 643 1936 verti
666 1891 733 1934 cum
754 1873 838 1952 prole
861 1873 994 1951 gemella,

253 1983 326 2044 Tota
349 1983 422 2044 mihi
445 2001 460 2044 a
485 2002 600 2045 summo
623 2003 656 2044 se
679 1983 809 2044 ostendit
828 1981 864 2044 ad
886 2001 983 2061 usque
1003 1983 1197 2062 protundum:

252 2093 326 2154 Exin
347 2093 472 2173 pulchra
492 2095 567 2156 meis
589 2093 722 2174 quaesivi
743 2093 854 2154 lumina
876 2111 989 2153 rursus.

720 2353 837 2436 XXltt.

293 2533 354 2594 Ceu
376 2532 447 2594 nido
471 2532 645 2594 incumbens
667 2532 788 2593 frondes
810 2533 871 2593 avis
892 2531 969 2593 inter
990 2531 1101 2592 amicas

252 2643 352 2705 Dulcia
376 2651 511 2704 natorum
534 2661 628 2722 prope
649 2660 783 2721 corpora,
806 2650 894 2703 noete
915 2650 1033 2718 tegente

255 2753 368 2825 Omnia,
391 2760 423 2814 ut
444 2759 545 2832 optato
568 2752 710 2831 adspectu
732 2751 863 2832 potiatur
884 2760 913 2812 et
934 2770 1003 2813 esca

251 2862 313 2924 Hos
336 2863 395 2924 aiat
414 2849 539 2932 inienta
563 2863 654 2923 duros
676 2861 770 2923 solata
791 2861 919 2934 labores,

218 2974 382 3053 tTempus
403 2971 570 3053 praevertit,
593 2989 734 3050 ramoque
756 2972 868 3034 insistit
889 2980 992 3050 aperto

250 3082 288 3144 Et
309 3081 457 3144 desiderio
479 3089 580 3146 manet
599 3081 711 3150 ardenti
734 3100 823 3142 aurea
845 3081 917 3142 solis

252 3193 381 3272 Spicula,
403 3199 597 3272 prospectans
620 3192 715 3252 defixo
737 3189 856 3261 lumine,
879 3190 975 3250 donec

252 3303 383 3364 Tandem
405 3302 465 3363 Eos
488 3309 604 3378 surgat3
625 3319 692 3361 mea
714 3301 757 3360 sic
780 3307 893 3362 arrecta
914 3299 1035 3360 tenebat

250 3413 320 3476 Diva
343 3412 447 3473 oculos
469 3411 618 3491 speculata
640 3400 765 3490 plagam,
787 3409 842 3470 suh
866 3429 922 3488 qua
942 3409 986 3470 ire
1006 3409 1125 3470 ridetur

203 3535 235 3586 lo
251 3522 302 3584 Sol
323 3529 503 3603 properante
524 3521 623 3582 minus
646 3537 743 3580 cursu.
787 3520 824 3581 nt
845 3537 911 3581 cum
932 3520 1043 3581 lumina
1065 3519 1175 3579 circum

250 3633 420 3694 volventem
443 3630 625 3709 adspicerem
648 3648 682 3691 ac
703 3649 889 3709 suspensam,
912 3629 1016 3708 utqui
1039 3635 1128 3708 optat,
1151 3636 1181 3688 et
1201 3627 1279 3690 idem

252 3718 398 3816 Quiddam
419 3741 498 3802 aliud
518 3740 615 3811 vellet,
639 3759 722 3819 spem
745 3750 774 3801 et
794 3740 994 3820 praecipiente
1018 3738 1145 3818 quiescit

250 3852 374 3913 Pectore
397 3857 561 3924 contentus,
585 3851 628 3911 sic
650 3869 702 3911 ora
723 3849 885 3928 oculosque
906 3849 1047 3910 ferebam.

251 3961 310 4022 Sed
332 3962 421 4022 breve
441 3961 592 4040 praeteriit
613 3970 729 4039 tempus
749 3971 892 4040 punctum
914 3960 990 4020 inter
1010 3968 1184 4036 utrumque3

203 4084 234 4138 ln
251 4070 317 4145 Ouo
339 4071 442 4144 mansi,
466 4071 533 4130 dico
556 4078 585 4130 et
604 4069 663 4130 vidi
686 4070 849 4130 clarescere
871 4069 987 4130 coelum

250 4181 287 4242 Et
307 4181 402 4259 magis
424 4197 458 4242 ac
479 4180 588 4256 magis3
611 4187 641 4240 et
662 4179 842 4240 simulhaeo
864 4187 909 4240 est
930 4180 986 4240 iata
1008 4177 1151 4238 erarr:

249 4289 326 4351 Ecce
348 4289 402 4351 tibi
424 4290 572 4368 ingentem
595 4288 705 4350 Christi
728 4295 837 4351 sectata
859 4287 1040 4367 triumphum

249 4399 381 4477 Agraina,
405 4407 435 4460 et
456 4401 510 4462 has
533 4399 676 4479 sphaeras
697 4406 904 4478 peragrantem
927 4398 976 4478 qui
998 4405 1096 4458 manet
1118 4397 1215 4459 omnis

251 4508 294 4570 Te
316 4509 439 4571 fructus.
482 4509 553 4571 Mihi
573 4507 656 4570 visus
678 4515 747 4570 erat·
760 4511 962 4573 flammescere
985 4515 1064 4568 totus
