3236 5394
569 591 762 642 intentionum
780 591 845 642 XXX.

209 811 346 882 Antrum,
369 808 479 887 inquit,
503 809 602 888 pluvi,
625 809 692 870 illos
714 828 762 870 me
784 811 932 872 invenisse
955 811 1098 874 recordor

211 920 259 982 Sic
280 919 413 999 positos3
436 935 586 996 nunquam
608 919 760 996 digressos
778 920 911 999 amplius
934 920 1012 993 inde,

210 1032 428 1107 Aeternumque
450 1046 520 1088 reor
540 1047 707 1089 mansuros.
750 1029 870 1090 Femina
893 1029 1018 1092 mendax

211 1138 272 1200 Una
294 1145 354 1211 est,
378 1157 452 1217 quae
474 1155 583 1198 nomen
603 1139 729 1199 lessam
753 1139 876 1200 crimine
898 1139 972 1200 lalso

164 1255 194 1308 95
210 1247 339 1320 betulit;
361 1247 435 1310 baec
455 1247 560 1308 umbra
583 1255 628 1308 est
648 1247 739 1308 Densi
761 1247 879 1327 periura
901 1249 1021 1310 Sinonis

211 1357 253 1418 Ex
273 1357 347 1418 urbe
369 1356 472 1428 lliaca,
496 1375 622 1436 quorum
644 1357 822 1434 depectere
845 1358 936 1418 lebrls

103 1471 106 1541 l
212 1467 339 1528 Tantum
361 1466 475 1528 nidoris
497 1465 694 1544 graveolentis
717 1467 829 1527 torrida
851 1467 948 1528 mittit.

212 1569 293 1638 Unus
316 1583 346 1637 at
367 1595 400 1636 ex
422 1575 497 1648 illis,
520 1577 613 1655 piguit
635 1594 723 1654 quem
746 1577 822 1638 lorte
845 1586 979 1639 vocatum

212 1686 337 1748 Nomine
359 1686 398 1748 ita
421 1685 563 1757 obscure,
586 1703 718 1765 pugnum
738 1686 808 1748 huic
830 1686 953 1764 impegit
973 1686 1003 1746 in
1025 1687 1113 1766 ampli

152 1804 196 1856 10⁰
212 1783 355 1859 buritiem
375 1797 495 1857 renuis.
540 1795 634 1856 Veluti
657 1795 792 1874 Cybeleia
815 1796 851 1858 ab
873 1797 933 1856 ictu

102 1917 105 1982 l
214 1906 377 1988 Tympana,
399 1905 425 1966 is
447 1905 589 1967 insonuit.
615 1939 647 1948 -—
677 1906 784 1967 Contra
806 1906 902 1967 subita
924 1906 966 1966 ira
988 1906 1119 1982 magistri
1142 1963 1145 1970 .

102 1987 105 2098 ξ
213 2023 297 2078 Auen
320 2015 430 2077 vibrato
454 2015 578 2092 graviter
599 2015 667 2076 ierit
688 2034 740 2076 ora
761 2014 879 2087 lacerto,

102 2115 105 2232 p
213 2127 274 2189 Nec
295 2126 393 2188 minus
416 2125 465 2185 bic
486 2126 582 2186 luerat
604 2124 713 2198 durus3
736 2125 804 2186 dein
826 2124 893 2186 lolia
916 2101 1006 2186 latur:
1089 2165 1094 2178 ·

102 2246 104 2326 l
214 2236 354 2310 Quemvis
374 2235 577 2296 membrorum
599 2234 723 2312 gravitas
745 2241 824 2294 vetet
844 2234 903 2306 ire,
925 2235 1052 2296 lacertus

102 2391 105 2416 ,
151 2357 196 2410 105
213 2348 239 2408 lt
259 2345 332 2406 mibi
354 2344 444 2418 liber,
467 2344 518 2405 uln
540 2343 579 2404 sil
600 2362 686 2422 opus.
731 2342 814 2404 Tunc
837 2343 928 2404 edidit
950 2343 1023 2405 alter

103 2466 105 2530 l
213 2457 293 2518 llaec
313 2453 417 2516 verba:
440 2454 599 2514 Ardentem
620 2453 657 2514 ad
679 2453 826 2515 llammem
849 2473 907 2531 quo
928 2461 1063 2532 temporo
1084 2461 1194 2516 tractus

101 2543 105 2634 l
214 2566 295 2638 lbas,
320 2563 398 2626 baud
420 2562 516 2623 luerat
536 2571 593 2624 tam
618 2562 715 2624 alacer
737 2563 806 2636 tibi,
830 2571 858 2624 at
879 2564 959 2625 bunc
982 2571 1079 2624 mmen
1101 2583 1168 2625 aera

102 2645 105 2729 ἷ
216 2675 330 2737 Cudere
353 2674 396 2734 sic
419 2679 542 2744 norunt,
566 2680 596 2733 et
616 2672 684 2750 plus
708 2674 833 2734 sortasse
855 2681 999 2751 paratum.

256 2783 443 2864 Hydropicus
466 2788 581 2842 contra:
605 2782 690 2843 Nunc
711 2783 830 2843 landem
852 2783 952 2846 dicere
972 2801 1074 2844 verum

102 2896 105 2910 ‘
153 2904 198 2955 llo
216 2894 363 2973 Coepisti3
387 2899 415 2953 at
436 2892 544 2972 Trojae
565 2899 598 2952 tu
618 2891 749 2971 pandere
771 2911 838 2953 vera
859 2900 988 2971 rogatus,

215 3005 280 3066 Non
302 3004 341 3064 ita
362 3003 446 3063 testis
469 3019 534 3062 eras
558 3021 653 3064 verax.
696 3003 804 3064 Verum
826 3001 1002 3072 assimulavi,

216 3114 261 3175 Tu
283 3130 424 3184 cuneum,
447 3111 561 3172 Densus
584 3112 672 3186 dixit;
695 3113 748 3174 sed
771 3112 904 3173 criminis
925 3131 984 3174 una

216 3223 308 3284 isthic
328 3241 376 3282 me
398 3220 480 3281 labes
504 3221 635 3292 damnat,
658 3230 687 3282 te
709 3221 850 3301 plurima,
874 3229 976 3299 totque

218 3332 362 3403 Crimina,
386 3338 458 3408 quot
480 3331 636 3412 quisquam
657 3331 736 3392 baud
757 3331 853 3410 potuit
874 3329 1057 3392 committere
1080 3330 1221 3392 Daemon.

154 3447 200 3499 115
260 3441 386 3503 Insidias
409 3439 521 3502 fallacis
545 3440 628 3518 equi,
651 3440 787 3520 perjure,
811 3440 936 3512 revolve,

218 3551 264 3612 llli
286 3549 455 3629 respondit,
479 3549 529 3627 qui
551 3549 683 3610 inllatum
706 3549 851 3610 abdomen
874 3549 1009 3620 babebat,

218 3661 327 3739 Arguat
348 3666 378 3720 et
399 3665 516 3719 sontem
537 3665 616 3720 tolus
634 3659 695 3738 jam
719 3659 857 3720 conscius
881 3658 971 3720 orbis.

260 3771 298 3830 At
318 3769 371 3829 tibi
394 3768 433 3830 sit
455 3768 567 3828 crimen
590 3767 654 3828 sitis
676 3768 771 3840 arida,
795 3769 867 3830 dixit
888 3770 1026 3839 Acoreus,

220 3880 302 3953 Quae
324 3877 378 3938 tibi
400 3878 559 3956 disrumpit
579 3877 724 3957 linguam3
747 3881 786 3939 sit
806 3879 953 3940 marcidus
974 3878 1083 3940 humor

155 4001 202 4054 12⁰
219 3989 352 4062 Crimen,
376 3987 427 4066 qui
449 3987 579 4048 anterius
600 3995 732 4050 ventrem
753 3988 806 4049 tibi
830 3989 915 4067 sepit.
938 4021 979 4030 -
1001 3988 1037 4048 nt
1059 3987 1136 4048 aeris

220 4100 331 4162 Cusor:
354 4097 409 4169 lta,
433 4104 466 4158 ut
487 4098 650 4175 quondam,
672 4114 780 4175 magno
803 4116 835 4160 se
858 4097 967 4158 scindit
988 4097 1069 4158 biatu

220 4210 262 4271 Os
285 4207 456 4278 libianae,
478 4205 529 4267 ubi
551 4206 608 4268 lert
628 4207 743 4268 animus
764 4208 941 4269 maledicere
963 4213 1075 4268 suetus.

221 4318 308 4393 Quod
332 4317 358 4378 si
379 4335 427 4379 me
450 4315 577 4378 exsiccat
599 4317 679 4388 sitis,
704 4324 801 4378 elme
823 4317 940 4398 lympha
962 4317 1091 4386 refercit,

219 4428 317 4490 Ardor
337 4435 368 4487 te
389 4427 465 4488 male
486 4425 589 4498 babet,
612 4425 688 4486 male
709 4425 798 4489 babet
819 4434 907 4507 caput
927 4445 1023 4506 usque
1045 4424 1198 4497 laborans3

157 4547 203 4600 125
220 4537 258 4599 Et
279 4537 350 4598 dum
371 4535 504 4598 Narcissi
527 4534 679 4615 speculum
702 4535 755 4597 tibi
777 4537 907 4600 lambere
930 4537 1024 4608 detur,
