3282 5404
360 489 421 552 356
806 491 938 542 remorsu
958 491 1026 541 xxti.

375 719 408 772 os
426 708 499 770 Tum
522 707 601 768 celer
623 727 639 768 a
660 715 780 771 nostrae
802 717 923 772 naturae
945 709 1053 772 robure
1075 717 1183 784 motus,

425 818 463 878 Ut
484 816 587 897 rapido
610 826 714 896 posset
735 835 823 880 cursu
845 838 892 881 me
914 837 1041 898 aequare
1062 820 1222 883 volantem.

467 927 517 990 Sic
538 927 611 988 mihi
633 928 678 988 ias
700 927 798 990 inerit.
818 947 922 990 rursus
944 937 1080 1008 spectare
1102 930 1284 1010 triumphum

424 1037 520 1108 Illum,
542 1035 583 1098 mi
604 1036 709 1110 lector,
732 1056 819 1116 quern
841 1048 964 1118 propter
986 1039 1109 1101 crimina
1129 1039 1204 1101 vitae

423 1147 524 1224 Lugeo
547 1165 636 1225 saepe
659 1165 742 1208 mese
764 1155 793 1208 et
813 1147 919 1227 plango
941 1147 1015 1210 mihi
1037 1156 1158 1228 pectora
1181 1149 1304 1228 paimis3

240 1275 249 1294 ·
360 1263 407 1314 tto
427 1257 462 1316 Ut
483 1254 536 1317 tibi
559 1255 720 1317 demissum
743 1265 802 1318 tam
824 1257 932 1336 raptim
955 1265 1087 1319 avertere
1108 1275 1204 1332 pruna

423 1365 491 1426 Non
512 1373 593 1426 esset
613 1365 745 1444 digitum,
768 1384 855 1444 quam
876 1385 999 1428 cernere
1022 1367 1144 1445 contigit
1165 1377 1275 1429 astrum

424 1475 498 1536 Post
519 1475 648 1537 Taurum
669 1474 802 1547 veniens,
825 1475 965 1555 sensique
987 1476 1141 1554 ingressus
1162 1477 1194 1537 in
1215 1477 1325 1556 ipsum.

427 1585 452 1646 0
476 1586 558 1646 iuces
581 1583 684 1658 almae,
708 1603 725 1644 o
748 1601 854 1662 magna
875 1585 979 1646 virtute
1001 1585 1146 1664 repletum

423 1694 546 1766 Lumen,
570 1694 626 1766 cui,
649 1701 865 1774 quotocumque
887 1703 976 1767 esset,
999 1695 1109 1756 debere
1130 1695 1245 1758 fatebor

359 1819 406 1871 105
425 1803 490 1864 Vim
513 1811 602 1866 totum
625 1801 754 1881 mgeniii
774 1803 934 1866 Vobiscum
958 1804 1064 1876 exibat,
1087 1812 1117 1866 et
1137 1824 1207 1867 oras

424 1913 582 1974 Vobiscum
604 1913 742 1976 occiduas
765 1913 916 1992 repetebat
936 1922 1077 1994 praepete
1100 1931 1189 1977 cursu

425 2022 476 2083 iile
498 2032 583 2102 pater
603 2039 748 2099 generans
769 2023 904 2086 mortalia
925 2024 1042 2086 saecula
1066 2032 1180 2096 cuncta,

425 2133 496 2194 Cum
520 2131 647 2211 primum
668 2132 823 2194 Hetruscis
845 2149 899 2211 ego
922 2133 1008 2212 coepi
1030 2133 1145 2194 vescier
1166 2134 1256 2196 auris.

465 2241 539 2302 Post
560 2241 610 2302 ubi
631 2241 735 2319 tergito
755 2249 802 2303 est
822 2249 936 2303 tautum
957 2243 1029 2304 mihi
1052 2241 1143 2320 gratia
1165 2243 1285 2318 donum,

360 2364 408 2416 llt
424 2350 461 2412 Ut
482 2350 634 2429 praecelsa
656 2361 737 2413 rotae
760 2351 876 2430 fastigia
897 2351 979 2413 odire
1000 2351 1112 2425 liceret,

425 2461 580 2534 Quaeres
602 2461 781 2539 circumagit,
803 2461 956 2540 regionem
978 2479 1139 2540 agnoscere
1156 2469 1285 2524 vestram

424 2570 477 2632 Est
498 2569 571 2632 mihi
593 2579 673 2631 sorte
696 2571 806 2632 datum.
848 2571 936 2632 Modo
958 2579 1074 2633 oestrus
1097 2571 1222 2651 suspicit
1242 2571 1327 2650 ignes
1388 2567 1390 2580 '

426 2679 586 2758 Suspirans
608 2679 705 2742 enims
727 2681 782 2742 istu
805 2681 863 2760 pie,
884 2687 917 2742 ut
937 2680 1042 2743 virtute
1066 2681 1153 2761 petiri

425 2788 534 2850 Durum
558 2789 614 2849 iter
636 2806 792 2867 aggressae
815 2791 909 2862 detur,
934 2790 1012 2869 quod
1034 2809 1081 2852 mo
1104 2791 1224 2852 attrahit
1244 2792 1280 2853 od
1302 2811 1346 2854 se.

360 2912 408 2965 115
465 2900 531 2960 Jam
553 2917 585 2958 se
608 2917 722 2960 summu
744 2898 831 2960 Saius
853 2899 933 2961 sistit
954 2900 998 2961 sic
1019 2900 1160 2979 proxima,
1184 2901 1304 2980 coepit-

425 3009 488 3070 ltux
509 3027 583 3083 mea,
605 3019 638 3070 ut
659 3017 688 3071 et
709 3007 805 3081 claris,
829 3017 858 3072 et
879 3010 973 3071 acutis
994 3008 1111 3070 lucibus
1134 3010 1175 3071 uti

423 3118 488 3179 iam
510 3127 539 3179 to
561 3137 651 3197 posse
673 3136 748 3180 rear.
793 3119 891 3192 Quare
913 3118 1054 3192 consiste,
1075 3120 1249 3200 priusquam

424 3227 466 3288 Te
488 3244 604 3304 mergos
626 3227 705 3301 iiiuc7
729 3228 917 3308 despectans,
959 3228 1098 3308 Adspice,
1121 3238 1261 3310 quantum

423 3337 484 3398 Sub
505 3336 631 3416 pedibus
652 3338 796 3400 mundum
819 3338 871 3400 tibi
892 3337 1058 3419 subjecisse
1078 3338 1229 3422 videbor„

358 3454 406 3507 120
424 3447 523 3519 Quare
544 3465 632 3508 sonsa
655 3447 708 3508 tibi
730 3466 818 3527 quam
837 3447 1055 3528 jucundissima
1076 3449 1182 3528 prodat
1252 3497 1256 3504 .

422 3557 539 3628 Pectus,
562 3556 613 3617 ubi
635 3565 772 3618 occurrat
792 3557 922 3619 venienti
944 3556 1029 3619 turha
1051 3558 1245 3638 triumphans,

421 3666 480 3726 Per
501 3665 578 3726 coeii
599 3683 726 3727 convexa
747 3666 836 3746 hujus
859 3685 933 3746 quae
954 3666 1030 3728 laeta
1052 3668 1238 3748 propinquat.

423 3776 569 3854 Septenos
591 3775 699 3836 iterum
720 3775 821 3838 coelos
843 3794 898 3854 ego
920 3776 1030 3838 lumine
1052 3786 1130 3838 totos

423 3885 569 3957 Lustravi,
593 3885 740 3964 talemque
762 3885 882 3976 globum
903 3863 976 3947 mihi
998 3905 1120 3948 cernere
1142 3895 1275 3948 nostrum

359 3999 405 4050 125
424 3994 561 4070 Contigit
582 4002 615 4055 ut
636 3994 687 4056 vili
709 3996 852 4074 adspectu
873 3994 1056 4074 decerpserit
1077 4015 1130 4058 ore

422 4103 516 4163 invito
538 4105 647 4176 risumr
670 4123 704 4166 ae
725 4104 832 4166 meiius
855 4105 965 4166 sentire
986 4105 1101 4168 videtur

424 4211 481 4285 Qui
502 4214 617 4275 minimi
639 4214 719 4274 hunc
739 4213 836 4286 iaciat,
858 4233 986 4295 vereque
1008 4224 1054 4276 est
1075 4235 1186 4293 aequus
1207 4216 1369 4292 habendus,

422 4321 524 4397 Longe
543 4312 679 4385 ¹diversas
702 4324 752 4403 qui
774 4324 864 4402 agitat
885 4303 944 4384 sob'
963 4333 1084 4404 pectore
1107 4345 1204 4388 curas.

464 4431 568 4492 Natam
591 4433 702 4494 Latous
725 4433 876 4495 iucensam
900 4433 968 4508 vidi,
991 4444 1078 4516 atque
1101 4437 1166 4497 sine
1187 4437 1300 4509 umbra,
