3214 5400
782 485 963 540 eunctrotnt
980 486 1027 537 XL

336 711 384 766 1³5
402 703 454 765 Sat
475 702 578 775 nitide,
601 703 731 766 curiata
754 701 870 782 loquar.
913 701 1001 765 Modo
1023 719 1133 783 perge,
1154 711 1322 770 morantem

401 813 468 876 Non
490 831 545 892 ego
567 822 596 874 to
619 811 743 874 rdterins
765 811 870 892 patiar,
892 830 940 874 me
962 830 1091 892 namque
1111 813 1257 878 morando

402 923 518 984 Turbas
541 921 712 983 tundentem
735 921 881 995 lacrimas,
904 921 1014 1002 quibus
1036 921 1086 986 iila
1105 921 1211 986 laboro

402 1033 439 1094 Ut
461 1031 534 1094 mihi
556 1039 708 1104 mutarem,
733 1049 808 1114 qnae
831 1049 888 1109 ego
910 1038 938 1094 te
960 1031 1072 1094 dixisse
1093 1033 1245 1095 recordor.

401 1142 474 1203 inde
497 1159 591 1220 nepos
613 1149 659 1204 est
679 1148 747 1204 nata
770 1140 851 1202 mihi.
895 1140 972 1204 Huic
994 1143 1085 1204 duam
1106 1159 1227 1216 nomen,

336 1261 385 1314 lto
403 1252 486 1325 Quae
506 1250 585 1312 bona
608 1257 711 1312 natura
733 1258 788 1324 est,
811 1249 882 1312 durn
903 1250 998 1330 ipsam
1021 1269 1213 1330 corrumpere
1234 1251 1329 1316 vitent

402 1361 552 1440 Turpidus
575 1357 719 1438 exemplis
742 1360 879 1439 prognati
901 1360 1046 1440 sanguine
1068 1368 1185 1424 nostro.

403 1471 482 1532 Haec
503 1469 576 1532 mihi
599 1468 676 1548 apud
699 1477 813 1532 vestros
835 1477 1053 1549 postmortem
1075 1479 1121 1532 cst
1142 1469 1206 1532 sola
1228 1476 1393 1550 superstes.

901 1725 971 1810 XX.

404 1906 527 1988 Optanti
548 1905 655 1968 melius
679 1923 767 1968 curae
789 1906 867 1970 male
890 1925 960 1970 cura
981 1915 1145 1988 repugnata

403 2019 511 2082 Nostra
532 2014 601 2078 ideo
623 2015 745 2092 ingratis
768 2016 838 2078 huic
859 2017 1020 2094 gratificata
1042 2017 1178 2096 voluptas

403 2126 566 2208 Spongiam
588 2144 662 2206 aqua
685 2123 763 2188 haud
786 2133 917 2188 saturam
940 2126 1073 2188 extraxit.
1118 2127 1169 2190 Sic
1190 2125 1260 2190 iude
1281 2129 1404 2204 recessi,

402 2239 586 2316 lucessuqne
608 2251 693 2296 meus
715 2235 820 2297 ductor
841 2234 906 2298 loca
926 2234 1022 2300 libera
1042 2236 1123 2315 legit,

371 2354 387 2408 t
405 2347 504 2426 Usque
526 2363 608 2406 oram
631 2343 791 2422 stringens,
814 2352 939 2422 angusta
960 2353 993 2406 ut
1012 2345 1132 2407 moenia
1153 2344 1238 2408 ohim
1259 2357 1306 2410 cst

404 2454 547 2518 Radcndo
568 2454 691 2534 pinnas;
713 2472 781 2516 nam
804 2461 899 2530 gntus
922 2453 1008 2518 turba
1029 2454 1192 2518 retundens

406 2566 465 2628 Ora
487 2583 542 2644 per
563 2571 650 2642 atque
673 2562 776 2625 oculos
798 2562 883 2636 lmus,
908 2582 983 2644 quac
1004 2563 1125 2627 distinet
1147 2565 1252 2628 orbern

405 2675 522 2746 Totum,
545 2681 628 2753 parte
651 2672 709 2736 alia
732 2673 832 2735 stratis
855 2672 945 2736 uimis
968 2673 1089 2738 ortubus
1112 2682 1215 2740 exstat
1293 2709 1297 2720 ·

448 2782 473 2844 0
495 2781 623 2861 antiqua,
648 2781 699 2844 tihi
721 2783 798 2846 male
820 2782 867 2856 sit,
890 2782 969 2863 iupa,
993 2801 1069 2862 quae
1093 2785 1191 2848 aerina
1214 2784 1309 2848 instas
1401 2837 1403 2846 .

356 2905 388 2956 lo
404 2892 546 2964 Praedae,
568 2909 655 2978 qnam
678 2891 799 2974 quaevis
820 2890 942 2954 aliarum
964 2892 1050 2954 turba
1072 2894 1209 2962 serarum.

403 3001 544 3064 indomiti
566 3000 604 3062 ob
626 3000 740 3064 rabiem
761 3001 873 3064 ventris
895 3001 961 3062 sine
982 3002 1042 3064 tine
1063 3002 1256 3082 profundam!

406 3113 430 3175 0
454 3110 579 3184 coelum,
603 3109 687 3190 cujus
708 3109 817 3172 mutari
840 3110 956 3172 turbine
979 3119 1077 3176 sortes

404 3222 460 3284 Hic
481 3220 593 3294 dicunt,
618 3221 734 3299 quando
757 3219 902 3294 adveniat,
925 3239 1013 3300 quem
1035 3230 1159 3302 propter
1181 3222 1262 3286 abire

404 3331 485 3393 Haec
506 3327 672 3410 properet?
693 3362 736 3374 -
757 3329 819 3392 Nos
841 3329 955 3392 interea
977 3331 1142 3410 procedere
1162 3332 1251 3396 lentis

357 3446 388 3499 15
404 3439 548 3502 Passibus
571 3457 605 3499 ac
626 3439 733 3518 parcis,
757 3445 788 3500 et
809 3457 864 3518 ego
887 3440 1116 3520 circumspicere
1138 3441 1269 3516 umbras,

406 3550 487 3623 Quas
509 3549 611 3626 lugere
632 3549 682 3627 pie
704 3549 855 3612 audieram
877 3557 965 3630 atquc
987 3551 1140 3614 effundere
1163 3559 1303 3633 questus;
1385 3605 1387 3610 .

405 3659 443 3720 Et
463 3659 540 3721 forto
562 3657 660 3719 audivi
684 3658 820 3722 clamari:
847 3658 873 3720 0
895 3659 974 3722 alano
996 3655 1116 3723 Morio!

405 3769 481 3830 Prae
503 3786 550 3829 me
572 3785 639 3828 cum
662 3767 772 3846 gemitu
793 3767 894 3842 multo,
919 3788 977 3848 quo
1000 3770 1111 3833 femina
1131 3771 1248 3850 prolem

405 3878 534 3939 Enixura
555 3895 660 3940 novam
682 3875 767 3950 solat,
791 3885 879 3956 atque
900 3878 976 3942 haec
999 3879 1123 3959 insuper
1144 3881 1228 3944 addi:

356 3995 389 4046 2⁰
406 3987 530 4048 Tantum
553 4005 667 4066 pauper
689 4005 766 4065 eras,
790 3995 932 4067 quantum
954 3997 1035 4050 essct
1058 3990 1174 4055 discere
1197 3991 1228 4052 in
1249 3989 1303 4054 illo

406 4096 552 4175 Hospitio,
575 4095 673 4158 divina
695 4096 737 4158 tui
757 4097 856 4176 posita
878 4106 924 4160 est
944 4097 996 4160 nbi
1018 4099 1133 4164 sarcina
1155 4100 1277 4167 ventris.

406 4207 538 4268 Fannron
560 4225 578 4266 o
599 4223 686 4267 mens
709 4213 790 4269 casta
810 4205 893 4280 boni,
915 4225 971 4270 ror
992 4207 1084 4270 altera
1106 4208 1187 4284 dixit,

406 4313 453 4377 Tu
473 4322 678 4394 paupertatem
698 4313 818 4376 voluisti
840 4316 963 4380 foedere
983 4317 1117 4398 junctam

407 4423 520 4497 Virtuti,
543 4423 645 4503 potius
668 4443 757 4505 quam
777 4424 856 4506 turpi
880 4424 1004 4488 crimine
1025 4427 1152 4509 habere,
