3282 5404
639 499 774 548 rauautst
791 501 881 550 xxatt.

836 593 1368 616 'W

263 716 297 776 ln
319 715 427 789 medio,
451 715 599 796 similique
621 717 711 780 modo
732 713 898 781 lentescere
919 715 1038 800 ubique.

198 825 357 905 ueloque
379 825 430 887 illo
451 827 549 890 medio
572 827 641 907 plus
662 843 751 907 quarn
771 828 891 890 millene
911 829 1060 892 retentant

263 934 387 1012 Agmina
409 954 464 1014 ego
485 936 545 998 aidi
566 937 664 1016 passis
686 936 855 1017 plaudentia
877 940 994 1018 monn,

265 1044 388 1122 Singula
409 1045 580 1124 splendoris
601 1045 800 1128 distinctaque
822 1047 935 1110 lumine
956 1059 986 1110 et
1007 1051 1089 1114 anis.

191 1217 196 1228 ,
262 1154 393 1217 Lusihus
414 1154 541 1229 illumin,
563 1162 594 1217 et
615 1157 809 1220 concentibus
832 1159 1011 1222 arridentem

262 1264 391 1326 lliralaar
411 1264 528 1335 faciem,
551 1281 628 1346 quae
647 1267 752 1330 oculos
773 1267 909 1348 inspecta
930 1266 1037 1332 bealm

198 1380 247 1432 lat
263 1375 443 1471 Cunctorum
466 1375 622 1455 Superum.
666 1377 754 1450 Quod
775 1378 801 1438 si
822 1377 895 1441 mihi
917 1379 1003 1458 copia
1024 1386 1104 1441 tanta

262 1485 351 1546 Esset
371 1483 498 1557 dicendi,
523 1492 630 1564 qemun
651 1493 699 1548 est
718 1487 764 1547 ric
783 1487 880 1550 uirida
901 1488 1019 1562 montis,

262 1597 358 1676 Hujus
380 1612 435 1673 ege
459 1594 547 1672 gaudi
568 1593 721 1658 minimam
744 1603 857 1658 tentare
878 1599 1014 1660 canende

262 1707 329 1768 Non
350 1703 447 1766 ausim
467 1710 593 1782 partem.
635 1704 673 1766 Ut
694 1703 789 1770 delixa
809 1707 982 1787 intentaque
1001 1708 1034 1768 in
1055 1709 1153 1785 ignem

261 1815 388 1878 Lumine
409 1821 512 1876 nostra
534 1833 620 1876 suum
641 1815 714 1877 vidit
732 1816 918 1891 Benaannus,
941 1816 978 1878 ad
999 1813 1080 1880 illam

198 1932 246 1986 lta
264 1926 330 1988 llos
352 1943 406 1987 sua
429 1923 581 1995 convertit,
602 1931 685 1986 tante
705 1926 905 1990 inflammatus
927 1943 1037 2001 amore,

263 2035 301 2098 Ut
321 2052 388 2096 mee
410 2033 441 2094 in
463 2033 567 2096 obtutu
587 2033 746 2098 haererent
765 2034 918 2100 ardentius
940 2037 1007 2098 icto.

647 2323 649 2326 ·
722 2293 851 2378 xxxta

305 2476 342 2536 At
363 2472 587 2552 contemplator,
610 2489 664 2534 sua
685 2489 773 2553 ptem
796 2473 885 2536 trahit
905 2473 981 2536 alma
1004 2473 1148 2556 voluptas,

262 2584 329 2647 Non
350 2583 526 2660 dedignatus
548 2581 682 2645 doemris
704 2593 814 2662 sponte
833 2579 936 2647 subire

263 2693 411 2767 Ottieiurn,
433 2692 487 2756 has
509 2691 778 2777 primumsanotas
800 2689 882 2755 ‘dedit
903 2711 955 2756 ore
976 2694 1128 2774 loquelas:

265 2804 352 2879 Quod
372 2802 479 2864 vulnus
500 2802 588 2882 Virgo
610 2801 737 2882 genitrix
758 2799 884 2866 occlusit
905 2811 936 2865 et
954 2805 1047 2878 unalt,

230 2917 246 2972 o
264 2915 348 2988 Quae
369 2919 427 2974 stat
448 2911 503 2974 sub
524 2911 638 2993 plantis
657 2911 746 2993 hujus
770 2921 829 2976 tam
850 2911 982 2992 pulchra,
1004 2913 1127 2976 reclusit

262 3026 305 3087 Ae
326 3022 461 3104 pupugit,
484 3021 539 3084 sub
562 3039 619 3098 qua
636 3021 763 3087 „Recens
782 3021 924 3100 juxtaque
945 3022 1077 3083 Beararx

263 3131 437 3205 Considunt,
459 3139 492 3192 ut
513 3138 544 3192 et
564 3130 631 3210 ipse
650 3129 744 3204 vides,
765 3129 817 3191 uhi
839 3129 943 3192 tertius
965 3131 1040 3192 ordo

262 3244 357 3306 Sedes
379 3240 525 3320 designat.
566 3238 642 3301 llein
664 3239 750 3314 Sana,
772 3239 919 3312 Manuos,
941 3239 1078 3314 luntres,
1149 3315 1152 3326 Ι

262 3353 300 3415 lit
321 3370 395 3433 quae
417 3349 461 3412 illi
481 3362 592 3430 praesa
613 3355 667 3422 est
690 3349 741 3428 qai
763 3364 895 3410 errarem
917 3348 998 3410 derit
1018 3365 1116 3411 amare

214 3476 246 3528 to
263 3461 439 3526 Clamende:
463 3459 607 3522 lienem
627 3453 703 3521 neti
723 3487 766 3504 -
786 3459 846 3522 Per
865 3458 966 3520 limina
990 3467 1094 3521 cuncta

262 3573 315 3634 Sic
336 3569 552 3636 descendentes
573 3568 685 3648 poteris
706 3575 842 3648 spectare
863 3569 1007 3647 gradatim

262 3683 323 3744 llas
346 3681 451 3755 series,
474 3687 507 3742 ut
528 3695 593 3756 ego,
615 3677 739 3758 proprio
762 3677 812 3757 qui
834 3679 954 3742 nomine
976 3687 1098 3742 cunctas

261 3791 397 3873 Appello,
418 3805 660 3870 unumquemque
679 3801 768 3850 resae
789 3803 965 3867 pereturere
987 3789 1100 3852 crinem

262 3901 383 3964 lloctua.
425 3900 557 3979 Postque
578 3899 711 3978 gradum,
734 3896 785 3976 qui
808 3906 855 3960 est
873 3899 1018 3978 septimus
1040 3899 1154 3972 ordine,
1172 3898 1207 3960 ad
1225 3915 1320 3978 usque

215 4013 246 4068 ld
262 4011 349 4074 lllum
371 4009 535 4072 succedunt
555 4015 719 4088 prognatae
738 4027 755 4070 a
776 4009 921 4086 sanguim
940 4008 1036 4070 tudae
1235 3993 1237 3997 ⁴

262 4119 409 4182 llereinae
431 4119 522 4184 intra:
545 4125 669 4180 cunnos
690 4118 723 4180 in
742 4117 816 4180 tiore
837 4118 961 4199 capillos

262 4229 324 4292 liae
346 4229 502 4304 dirimunt3
525 4245 603 4302 nam,
625 4235 718 4308 prout
735 4243 803 4291 sesa
824 4225 907 4292 dedit
927 4229 992 4309 ipsa
1012 4226 1170 4291 videndam

262 4340 296 4401 ln
319 4339 469 4402 Christum
489 4353 631 4402 conversa
652 4337 737 4413 tides,
760 4339 801 4400 ita
821 4338 942 4420 parietis
963 4338 1057 4402 instar

263 4449 371 4512 Sacrae
392 4448 494 4531 partiri
515 4448 612 4512 scalas
630 4449 688 4512 hee
708 4443 767 4511 rita
785 4448 935 4529 jubentur.
949 4475 969 4499 J·
