3234 5396
627 525 763 578 vaurms!
780 526 820 576 ll.

225 742 345 818 Circuli,
370 744 419 806 uli
442 751 510 806 ante
532 743 597 817 luit,
620 761 676 806 eea
697 761 785 807 eerea
806 744 987 808 candelabro

224 855 285 916 Fax
306 854 442 933 imposta,
465 853 557 916 stetit.
601 853 686 915 Tune
707 861 776 916 ante
797 854 897 917 laeutu
918 853 1041 918 lucerna

178 965 279 1027 nullst
299 963 398 1026 andita
418 963 491 1027 milri
513 963 674 1025 subridens
694 961 764 1054 talia
784 979 889 1026 mnus

227 1073 328 1136 Ordiri
349 1071 494 1134 exardens
516 1071 641 1151 fulgenti
663 1073 767 1153 purius
789 1073 874 1152 igne:

268 1182 353 1244 Sicut
374 1199 429 1261 ego
451 1190 603 1244 aeternnm
627 1181 798 1262 speculatus
819 1182 931 1244 lumine
952 1184 1053 1246 lumen

171 1318 177 1332 ·
225 1293 316 1356 lstius
338 1292 374 1354 ad
393 1289 483 1371 jubar
504 1291 657 1365 inuentor,
680 1291 726 1353 eie
747 1309 870 1354 eernere
892 1292 923 1354 in
944 1293 1011 1373 ipso

226 1403 266 1467 lli
288 1393 385 1475 datur,
405 1402 486 1462 unde
507 1402 610 1475 tluant,
633 1420 710 1481 quae
732 1401 844 1479 agitant
865 1409 915 1464 tun
937 1411 1069 1482 pentura,
1091 1421 1191 1466 enrae.

175 1515 209 1567 tt
227 1511 273 1573 Tu
295 1510 412 1572 dubitas
435 1517 590 1591 aptasque,
611 1518 645 1576 ut
665 1511 711 1572 sie
732 1529 871 1573 sermone
891 1513 1005 1591 putenti

225 1622 323 1702 Atque
343 1619 498 1700 explanata
519 1635 625 1688 rursus
645 1637 712 1682 mss
731 1620 822 1682 verbs
844 1637 998 1702 reponam,

228 1733 265 1795 Ut
285 1731 384 1811 capiat
404 1737 455 1792 trra
475 1747 572 1792 mens.
612 1730 679 1792 lam
700 1730 760 1792 seis
782 1730 859 1792 haee
878 1747 927 1793 me
948 1739 1016 1796 ente
1038 1733 1186 1796 laentum:

226 1841 353 1922 Pinguis
373 1841 428 1902 uli
448 1845 565 1903 cressit.
586 1871 631 1884 -
650 1837 720 1902 Nun
738 1844 916 1904 ιιιινιωίιιι
937 1843 1100 1906 seeundum

227 1951 370 2016 lanuto.
390 1979 434 1994 «-
454 1949 536 2010 llaec
557 1965 624 2012 mee
645 1949 724 2010 dieta
746 1948 819 2012 satis
840 1949 1024 2029 distinguere
1046 1959 1174 2034 oportet.
1245 1989 1247 1996 ‹

177 2066 211 2120 25
270 2062 354 2135 Quae
376 2078 477 2121 rerum
499 2075 644 2120 summanr
664 2059 813 2138 sapientia
834 2058 898 2122 sola
919 2059 1064 2139 gubernat

229 2171 360 2234 Consilio
382 2176 474 2241 nata,
497 2175 529 2231 ut
549 2169 657 2232 mentis
679 2181 772 2247 genus
794 2187 883 2230 omne
905 2178 1022 2234 amatae

227 2280 420 2362 lnspieientis
442 2279 472 2341 in
494 2279 582 2352 hane,
604 2285 671 2340 ants
693 2279 784 2340 imum
804 2286 928 2357 tangere
948 2278 1073 2342 tunnam

230 2391 325 2466 Quam
347 2389 397 2463 sit,
419 2388 569 2461 deflueret,
590 2387 718 2451 rationis
738 2388 851 2450 lumine
872 2389 967 2463 victua

228 2502 267 2564 Ut
288 2519 400 2582 sponsa
421 2498 511 2572 illins,
535 2517 625 2578 quam
646 2515 733 2560 suero
755 2499 899 2576 sanguiue
921 2500 989 2562 tuse

179 2618 212 2672 au
227 2611 362 2674 iunxerit
382 2610 448 2690 ipre
469 2607 538 2681 sihi,
561 2607 722 2670 slanursm
744 2615 922 2688 expertura
944 2609 1058 2672 ducens

228 2723 335 2794 Altum,
359 2718 415 2782 sule
437 2717 533 2780 duleis
556 2715 728 2800 complexus
749 2715 807 2780 iret
827 2719 953 2781 amanus

229 2831 334 2894 Tutior
354 2830 420 2909 ipsa
441 2828 510 2901 sihi,
532 2835 563 2890 et
582 2825 675 2906 magis
696 2828 756 2908 ipsi
777 2828 851 2902 lida,
871 2829 989 2892 dnobus
1021 2863 1022 2866 π

229 2940 419 3020 Principibus
441 2939 531 3010 nutis,
552 2938 671 3016 gemino
693 2938 771 3000 hana
791 2939 938 3001 salamine
955 2940 1040 3019 juvit,

228 3052 328 3131 lpsam
349 3058 381 3112 ut
402 3048 543 3112 ductores
564 3048 637 3108 hine
657 3048 728 3110 inde
748 3049 868 3127 utrique
890 3049 1056 3128 praeirent:

180 3173 212 3227 ta
230 3161 363 3235 Quorum
385 3177 463 3221 unns
484 3158 634 3238 Superum
654 3163 736 3218 totus
755 3157 888 3236 spirabat
908 3173 1042 3233 arnures3

228 3271 319 3344 Alter,
342 3268 522 3332 eminatam
543 3267 682 3347 implerat
702 3267 845 3346 supientia
866 3273 1005 3340 menum,

229 3382 264 3443 ln
285 3379 373 3442 terris
396 3378 472 3440 uueli
494 3376 643 3439 referebat
663 3376 792 3454 imagine
813 3377 921 3438 lunam.

229 3490 333 3553 Dicam
354 3507 461 3563 unum;
484 3489 654 3568 quinamque
675 3503 767 3548 unum
789 3485 959 3559 laudaverit,
981 3485 1085 3548 ambus

230 3601 324 3674 Dieit3
346 3606 471 3678 uterque
492 3595 603 3660 atenim
624 3596 660 3659 al
681 3603 792 3658 metam
812 3596 954 3659 tendebat
974 3596 1109 3659 eandem.

180 3712 214 3764 4⁰
272 3710 353 3771 lutra
376 3708 524 3770 Tubinum
546 3714 585 3781 et.
607 3723 685 3787 quaa
706 3706 813 3768 collam
834 3705 969 3781 elabitur,
991 3707 1109 3781 undam,

232 3820 328 3893 Qunam
350 3818 408 3881 sibi
428 3824 565 3880 narratur
585 3816 688 3880 sudem
709 3815 819 3894 legisse
840 3811 946 3878 beatu

232 3929 379 4002 Uarenus,
401 3928 514 4008 pendet
536 3927 629 3990 elisus
651 3925 689 3988 de
710 3931 812 3988 munte
832 3925 964 4004 praealta

233 4038 361 4112 Fertilis,
384 4054 527 4100 amnuens
548 4036 712 4100 Perusinos
734 4034 854 4113 frigore,
877 4043 908 4096 et
928 4044 1012 4098 aesta

232 4149 364 4228 Aperta
384 4147 470 4222 salis,
491 4155 631 4228 retroque
651 4145 756 4226 jugum
778 4161 865 4224 gare
886 4144 970 4224 luget

180 4267 215 4323 tl
231 4258 359 4320 Nuceria
381 4265 411 4319 et
432 4257 572 4319 Gualdns.
616 4256 682 4329 Qus
703 4254 771 4335 plus
793 4253 864 4316 huie
885 4254 976 4318 ardua
999 4255 1075 4317 alirn
1209 4303 1212 4312 ι

232 4368 345 4431 Semita
367 4387 400 4429 ee
422 4367 540 4447 trangtu
563 4366 608 4428 sol
630 4365 719 4426 terris
740 4365 823 4428 lulsit
842 4365 977 4440 obortus,

235 4478 339 4560 Qualis
361 4493 575 4558 nonnunquam
597 4491 723 4554 surgens
745 4475 908 4555 Gangetide
927 4476 966 4538 ab
988 4493 1052 4542 eru.
