3234 5396
102 480 171 758 I*
621 533 755 584 PillleSl
776 535 802 585 l.
1216 545 1223 564 ⁸

212 754 306 817 lleeto
328 753 479 827 cedentes,
501 751 586 817 valde
606 752 801 833 imperleotns
820 752 933 834 ubique

163 881 197 934 ao
214 861 296 925 Ordo
318 863 397 926 leret
417 881 538 924 sursum
559 879 597 924 ao
616 861 766 935 deorsum,
790 881 849 943 quo
871 872 977 926 cunata
997 877 1163 930 moventur.

256 971 302 1034 Tu
324 972 414 1034 modo
437 971 511 1035 sede
532 980 582 1036 tua
604 971 721 1045 sedeas,
744 989 779 1034 ee
800 981 901 1036 mente
921 975 1067 1049 volumus,

214 1081 298 1154 Quae
319 1081 422 1144 leuiter
442 1081 531 1155 libas,
552 1082 580 1144 si
602 1080 708 1161 gaudie
729 1081 827 1162 plone,
849 1082 1025 1164 priusquam

213 1191 351 1264 Delicias,
373 1210 392 1253 o
414 1188 517 1264 laetor,
540 1209 632 1253 amas.
677 1189 746 1252 Tibi
766 1209 870 1254 mensa
890 1201 991 1272 parate
1013 1204 1058 1257 est

214 1300 273 1363 Per
294 1319 359 1375 me;
382 1301 431 1362 lae
450 1300 578 1382 dapibus
597 1319 654 1380 per
674 1308 704 1362 te
725 1299 857 1362 verearis
879 1302 999 1382 opimis.

164 1421 198 1475 ιι
214 1410 349 1491 Namque
372 1429 407 1473 ea
428 1410 580 1484 materies,
603 1428 692 1490 quam
714 1427 781 1472 sum
802 1409 974 1476 describere
996 1413 1129 1491 adortus,

216 1520 312 1582 Omne
333 1540 434 1584 meum
454 1520 491 1582 ed
514 1539 583 1584 seso
605 1520 757 1599 ingenium
779 1537 940 1601 curamque
961 1533 1124 1606 retorquet.

259 1630 355 1703 Quem
378 1629 437 1693 sihi
457 1629 601 1710 majorem
623 1629 708 1692 novit
726 1636 830 1694 natura
851 1630 1029 1707 ministrum,

217 1740 325 1802 Omnia
347 1740 397 1820 qui
421 1740 517 1819 signat
539 1740 616 1804 noeti
635 1739 745 1802 virtute
767 1755 908 1818 superne,

217 1850 344 1912 Lumine
366 1849 486 1929 quique
499 1867 555 1912 suo
577 1849 700 1912 metitur
720 1849 864 1929 temporis
885 1850 986 1926 horas,

168 1964 201 2018 ιθ
217 1960 272 2033 lili,
297 1977 385 2039 quam
406 1977 498 2039 supra
519 1958 573 2020 tibi
594 1957 685 2038 paulo
706 1959 892 2020 ostendimus
914 1967 993 2036 ante,

217 2069 298 2132 Parti
322 2069 499 2149 mnjunous
520 2087 577 2148 per
597 2067 695 2148 spiras
716 2067 783 2148 ipse
805 2067 929 2143 rotabat,

217 2179 252 2241 ln
275 2177 385 2259 quibem
405 2196 503 2259 usquo
524 2195 633 2240 norum
655 2176 745 2240 eitius
766 2177 817 2240 dat
837 2197 962 2242 eernere
982 2198 1090 2256 mene3

220 2289 354 2368 Cumque
375 2307 413 2350 eo
435 2304 526 2360 eram,
549 2287 603 2349 sed
625 2297 685 2350 ιιιιι
708 2286 791 2348 sensi
812 2305 861 2350 me
882 2288 1074 2365 adscendere,
1098 2309 1187 2372 quam
1209 2295 1260 2374 qui
1343 2279 1344 2282 ¹

219 2398 356 2460 Senserit
377 2396 522 2478 illapsam,
545 2415 622 2478 quae
642 2403 742 2458 motus
763 2396 860 2476 prima
883 2398 983 2462 aiendi

169 2509 202 2566 ³5
221 2507 335 2570 Caussa
356 2506 420 2580 luit,
444 2506 547 2568 menti.
591 2505 638 2568 Oh
659 2514 702 2580 tu,
723 2506 764 2568 mi
786 2507 883 2570 dimna
903 2508 1051 2572 Bsarnrxl

219 2617 273 2679 llla
296 2625 418 2696 repente
441 2615 516 2678 adeo
538 2615 633 2694 magis
655 2624 685 2678 et
705 2616 800 2695 magis
821 2626 908 2681 aucta
929 2619 1039 2682 deeore

219 2727 385 2807 Apparens,
407 2733 550 2807 punctam
572 2733 605 2788 ut
624 2733 792 2806 praevertet
811 2729 956 2808 temporis
977 2737 1053 2792 neor.

221 2837 370 2910 Quanam
391 2835 528 2899 debuerit
548 2853 605 2916 per
624 2855 658 2898 se
679 2836 848 2900 diffundere
868 2839 976 2911 lucem,

221 2946 307 3019 Quae
328 2946 446 3026 speeies
468 2946 500 3008 in
520 2945 586 3008 solo
607 2946 713 3019 inerat,
736 2965 825 3027 quem
846 2967 974 3028 corpore
995 2951 1077 3023 inivi,

171 3067 204 3120 ιο
220 3055 305 3118 Haud
329 3055 468 3118 distinata
490 3055 592 3117 colore
612 3073 679 3128 suo,
702 3054 757 3118 sed
778 3057 900 3119 flumine
921 3045 1007 3133 lueis,

219 3166 374 3245 Ingenium
397 3166 530 3246 ιιιιιιιιιίι
551 3172 705 3245 artemque
726 3181 873 3246 usumque
894 3185 1042 3240 veneram,

86 3339 91 3349 .
220 3275 286 3340 Non
309 3275 387 3338 hane
409 3275 604 3355 exprimerem
627 3274 681 3348 sie,
703 3281 736 3335 ut
756 3272 802 3336 vis
823 3293 948 3338 eernere
969 3278 1078 3339 mentis

220 3385 306 3448 Hane
327 3385 441 3464 possit;
464 3384 517 3446 sed
540 3385 664 3447 eredere
686 3381 751 3456 erit,
773 3393 952 3465 maneatque
974 3387 1085 3466 eupido

221 3494 394 3575 Spectandi.
438 3494 555 3568 Quodsi
576 3503 698 3557 nortrae
720 3493 880 3558 simulaera
900 3496 1034 3558 videmus

157 3610 205 3674 ‘lt
220 3603 327 3666 Mentis
349 3604 455 3667 radere
476 3605 608 3677 humum,
630 3622 688 3666 nee
709 3611 769 3666 tom
792 3623 825 3666 se
847 3605 982 3668 attollere
1002 3619 1103 3685 posse,

220 3713 270 3774 Nil
290 3713 409 3776 mirum.
452 3713 539 3776 Haud
562 3713 667 3776 oeulos
690 3720 795 3776 noster
815 3714 911 3777 solem
932 3717 1017 3778 iverit
1038 3716 1124 3779 ultra.

220 3823 286 3885 lllie
307 3821 375 3885 talis
398 3832 461 3886 erat
481 3823 588 3886 domus
611 3823 662 3885 alti
685 3832 789 3904 quarta
810 3826 952 3904 parentis,

222 3931 276 3994 Cui
299 3951 421 4012 semper
442 3940 488 3996 sat
508 3932 535 3995 is
557 3940 605 3995 est
624 3941 838 4013 monstratque,
864 3943 895 3996 ut
917 3935 1020 4015 spirat,
1043 3942 1074 3996 et
1093 3935 1147 3998 nni
1179 3917 1184 3936 ⁸

222 4043 267 4106 Sit
288 4043 406 4122 genitor
426 4041 537 4120 genito.
579 4041 624 4106 Ne
646 4061 732 4130 qosse
754 4044 869 4106 solvere
889 4044 954 4106 Soli

172 4171 206 4224 do
221 4151 356 4230 Agmiois
378 4152 506 4232 angelini
527 4160 635 4231 gretes,
658 4161 705 4215 est
726 4152 785 4216 iata
804 4153 945 4227 Beiram,
1046 4230 1048 4236 Ι

223 4262 281 4336 Qui
303 4261 357 4324 tibi
379 4263 547 4342 qratifloane
567 4261 662 4326 voluit
680 4272 711 4324 te
732 4262 868 4326 attollere
889 4263 926 4325 ed
948 4265 1039 4328 irtrnn

222 4371 368 4435 Sensibus
388 4371 528 4436 lrumams
549 4382 659 4452 aptum.
702 4372 788 4434 Haud
808 4374 920 4451 pietate
941 4374 1088 4454 profundo

224 4482 390 4562 Quisquam
411 4483 580 4564 eompesuit
601 4488 705 4562 penus
727 4483 861 4558 mortale,
883 4483 1006 4564 lleeque

1119 4589 1153 4638 20
1163 4587 1178 4618 *
