<?xml version="1.0" encoding="UTF-8"?>
<!DOCTYPE html PUBLIC "-//W3C//DTD XHTML 1.0 Transitional//EN"
    "http://www.w3.org/TR/xhtml1/DTD/xhtml1-transitional.dtd">
<html xmlns="http://www.w3.org/1999/xhtml" xml:lang="en" lang="en">
 <head>
  <title>
</title>
<meta http-equiv="Content-Type" content="text/html;charset=utf-8" />
  <meta name='ocr-system' content='tesseract 3.04.00' />
  <meta name='ocr-capabilities' content='ocr_page ocr_carea ocr_par ocr_line ocrx_word'/>
</head>
<body>
  <div class='ocr_page' id='page_1' title='image "./divinacomoedia01piazgoog_0126.png"; bbox 0 0 3236 5394; ppageno 0'>
   <div class='ocr_carea' id='block_1_1' title="bbox 583 589 870 641">
    <p class='ocr_par' dir='ltr' id='par_1_1' title="bbox 583 589 870 641">
     <span class='ocr_line' id='line_1_1' title="bbox 583 589 870 641; baseline 0.014 -4"><span class='ocrx_word' id='word_1_1' title='bbox 583 589 775 640; x_wconf 71' lang='lat' dir='ltr'>taruanorum</span> <span class='ocrx_word' id='word_1_2' title='bbox 792 591 870 641; x_wconf 81' lang='lat' dir='ltr'>xvllt.</span> 
     </span>
    </p>
   </div>
   <div class='ocr_carea' id='block_1_2' title="bbox 187 806 1184 4606">
    <p class='ocr_par' dir='ltr' id='par_1_2' title="bbox 236 806 1174 1103">
     <span class='ocr_line' id='line_1_2' title="bbox 237 806 1174 887; baseline 0.002 -19"><span class='ocrx_word' id='word_1_3' title='bbox 237 807 295 869; x_wconf 89' lang='lat' dir='ltr'>Sed</span> <span class='ocrx_word' id='word_1_4' title='bbox 317 826 414 887; x_wconf 91' lang='lat' dir='ltr'>neque</span> <span class='ocrx_word' id='word_1_5' title='bbox 437 823 492 885; x_wconf 80' lang='lat' dir='ltr'>ego</span> <span class='ocrx_word' id='word_1_6' title='bbox 512 807 563 868; x_wconf 89' lang='lat' dir='ltr'>hic</span> <span class='ocrx_word' id='word_1_7' title='bbox 585 806 667 868; x_wconf 86' lang='lat' dir='ltr'>selus</span> <span class='ocrx_word' id='word_1_8' title='bbox 690 807 726 869; x_wconf 93' lang='lat' dir='ltr'>de</span> <span class='ocrx_word' id='word_1_9' title='bbox 749 815 807 878; x_wconf 89' lang='lat' dir='ltr'>tot,</span> <span class='ocrx_word' id='word_1_10' title='bbox 830 825 905 886; x_wconf 89' lang='lat' dir='ltr'>quos</span> <span class='ocrx_word' id='word_1_11' title='bbox 926 809 1054 870; x_wconf 77' lang='lat' dir='ltr'>Falsum</span> <span class='ocrx_word' id='word_1_12' title='bbox 1076 808 1174 883; x_wconf 83' lang='lat' dir='ltr'>mittit,</span> 
     </span>
     <span class='ocr_line' id='line_1_3' title="bbox 236 915 1081 997; baseline 0.004 -19"><span class='ocrx_word' id='word_1_13' title='bbox 236 917 352 995; x_wconf 82' lang='lat' dir='ltr'>Lugec,</span> <span class='ocrx_word' id='word_1_14' title='bbox 376 926 406 978; x_wconf 91' lang='lat' dir='ltr'>at</span> <span class='ocrx_word' id='word_1_15' title='bbox 426 917 483 977; x_wconf 91' lang='lat' dir='ltr'>iste</span> <span class='ocrx_word' id='word_1_16' title='bbox 504 916 588 978; x_wconf 88' lang='lat' dir='ltr'>lucus</span> <span class='ocrx_word' id='word_1_17' title='bbox 610 923 656 977; x_wconf 92' lang='grc'>101</span> <span class='ocrx_word' id='word_1_18' title='bbox 672 917 734 997; x_wconf 87' lang='lat' dir='ltr'>jam</span> <span class='ocrx_word' id='word_1_19' title='bbox 757 915 921 995; x_wconf 87' lang='lat' dir='ltr'>completus</span> <span class='ocrx_word' id='word_1_20' title='bbox 944 918 1081 992; x_wconf 78' lang='lat' dir='ltr'>abundat,</span> 
     </span>
     <span class='ocr_line' id='line_1_4' title="bbox 236 1025 1027 1103; baseline 0 -15"><span class='ocrx_word' id='word_1_21' title='bbox 236 1027 273 1088; x_wconf 88' lang='lat' dir='ltr'>Ut</span> <span class='ocrx_word' id='word_1_22' title='bbox 295 1026 418 1088; x_wconf 91' lang='lat' dir='ltr'>totidem</span> <span class='ocrx_word' id='word_1_23' title='bbox 439 1025 556 1103; x_wconf 82' lang='lat' dir='ltr'>linguae</span> <span class='ocrx_word' id='word_1_24' title='bbox 578 1027 710 1087; x_wconf 89' lang='lat' dir='ltr'>nondum</span> <span class='ocrx_word' id='word_1_25' title='bbox 731 1025 873 1086; x_wconf 82' lang='lat' dir='ltr'>didicisse</span> <span class='ocrx_word' id='word_1_26' title='bbox 895 1027 1027 1088; x_wconf 83' lang='lat' dir='ltr'>terantur</span> 
     </span>
    </p>

    <p class='ocr_par' dir='ltr' id='par_1_3' title="bbox 198 1135 1025 1216">
     <span class='ocr_line' id='line_1_5' title="bbox 198 1135 1025 1216; baseline 0 -19"><span class='ocrx_word' id='word_1_27' title='bbox 198 1137 202 1144; x_wconf 88' lang='lat'>&#39;</span> <span class='ocrx_word' id='word_1_28' title='bbox 235 1136 315 1197; x_wconf 86' lang='lat' dir='ltr'>Inter</span> <span class='ocrx_word' id='word_1_29' title='bbox 336 1136 481 1197; x_wconf 88' lang='lat' dir='ltr'>Savenam</span> <span class='ocrx_word' id='word_1_30' title='bbox 504 1153 538 1196; x_wconf 90' lang='lat' dir='ltr'>ac</span> <span class='ocrx_word' id='word_1_31' title='bbox 560 1135 694 1196; x_wconf 85' lang='lat' dir='ltr'>Rhenum</span> <span class='ocrx_word' id='word_1_32' title='bbox 715 1136 805 1196; x_wconf 90' lang='lat' dir='ltr'>modo</span> <span class='ocrx_word' id='word_1_33' title='bbox 828 1135 927 1196; x_wconf 90' lang='lat' dir='ltr'>dicere</span> <span class='ocrx_word' id='word_1_34' title='bbox 950 1136 1025 1216; x_wconf 89' lang='lat' dir='ltr'>sipa.</span> 
     </span>
    </p>

    <p class='ocr_par' dir='ltr' id='par_1_4' title="bbox 187 1243 1102 1433">
     <span class='ocr_line' id='line_1_6' title="bbox 187 1243 1102 1325; baseline 0 -18"><span class='ocrx_word' id='word_1_35' title='bbox 187 1255 221 1307; x_wconf 85' lang='grc'>00</span> <span class='ocrx_word' id='word_1_36' title='bbox 236 1244 322 1317; x_wconf 84' lang='lat' dir='ltr'>Quod</span> <span class='ocrx_word' id='word_1_37' title='bbox 344 1244 371 1304; x_wconf 89' lang='lat' dir='ltr'>si</span> <span class='ocrx_word' id='word_1_38' title='bbox 393 1244 480 1322; x_wconf 85' lang='lat' dir='ltr'>digna</span> <span class='ocrx_word' id='word_1_39' title='bbox 502 1244 561 1305; x_wconf 88' lang='lat' dir='ltr'>ilde</span> <span class='ocrx_word' id='word_1_40' title='bbox 583 1261 618 1304; x_wconf 94' lang='lat' dir='ltr'>ac</span> <span class='ocrx_word' id='word_1_41' title='bbox 638 1261 740 1305; x_wconf 85' lang='lat' dir='ltr'>verum</span> <span class='ocrx_word' id='word_1_42' title='bbox 761 1243 901 1306; x_wconf 90' lang='lat' dir='ltr'>testantia</span> <span class='ocrx_word' id='word_1_43' title='bbox 923 1263 1058 1325; x_wconf 89' lang='lat' dir='ltr'>quaeras,</span> <span class='ocrx_word' id='word_1_44' title='bbox 1098 1255 1102 1264; x_wconf 90' lang='grc'><strong>’</strong></span> 
     </span>
     <span class='ocr_line' id='line_1_7' title="bbox 236 1329 1038 1433; baseline 0 -17"><span class='ocrx_word' id='word_1_45' title='bbox 236 1355 295 1416; x_wconf 84' lang='lat' dir='ltr'>Fac</span> <span class='ocrx_word' id='word_1_46' title='bbox 316 1353 414 1414; x_wconf 86' lang='lat' dir='ltr'>animo</span> <span class='ocrx_word' id='word_1_47' title='bbox 437 1329 572 1414; x_wconf 67' lang='lat' dir='ltr'>nostrum</span> <span class='ocrx_word' id='word_1_48' title='bbox 593 1354 761 1433; x_wconf 89' lang='lat' dir='ltr'>perpendas</span> <span class='ocrx_word' id='word_1_49' title='bbox 782 1363 887 1433; x_wconf 86' lang='lat' dir='ltr'>pectus</span> <span class='ocrx_word' id='word_1_50' title='bbox 909 1373 1038 1416; x_wconf 88' lang='lat' dir='ltr'>avarum.</span> 
     </span>
    </p>

    <p class='ocr_par' dir='ltr' id='par_1_5' title="bbox 236 1462 1150 1764">
     <span class='ocr_line' id='line_1_8' title="bbox 277 1462 1035 1542; baseline 0.001 -18"><span class='ocrx_word' id='word_1_51' title='bbox 277 1464 359 1526; x_wconf 85' lang='lat' dir='ltr'>llaec</span> <span class='ocrx_word' id='word_1_52' title='bbox 380 1462 454 1523; x_wconf 88' lang='lat' dir='ltr'>lauti</span> <span class='ocrx_word' id='word_1_53' title='bbox 476 1463 607 1524; x_wconf 81' lang='lat' dir='ltr'><strong>Daemon</strong></span> <span class='ocrx_word' id='word_1_54' title='bbox 629 1463 778 1541; x_wconf 89' lang='lat' dir='ltr'>percussit</span> <span class='ocrx_word' id='word_1_55' title='bbox 798 1472 880 1541; x_wconf 83' lang='lat' dir='ltr'>terga</span> <span class='ocrx_word' id='word_1_56' title='bbox 901 1464 1035 1542; x_wconf 69' lang='lat' dir='ltr'>llagellcq</span> 
     </span>
     <span class='ocr_line' id='line_1_9' title="bbox 236 1571 1124 1653; baseline -0.002 -17"><span class='ocrx_word' id='word_1_57' title='bbox 236 1573 347 1653; x_wconf 73' lang='lat' dir='ltr'>Atque:</span> <span class='ocrx_word' id='word_1_58' title='bbox 370 1571 462 1645; x_wconf 88' lang='lat' dir='ltr'>Hinc,</span> <span class='ocrx_word' id='word_1_59' title='bbox 485 1571 572 1644; x_wconf 86' lang='lat' dir='ltr'>dixit,</span> <span class='ocrx_word' id='word_1_60' title='bbox 596 1571 661 1644; x_wconf 92' lang='lat' dir='ltr'>abi,</span> <span class='ocrx_word' id='word_1_61' title='bbox 683 1572 771 1645; x_wconf 88' lang='lat' dir='ltr'>lenc,</span> <span class='ocrx_word' id='word_1_62' title='bbox 794 1572 844 1634; x_wconf 90' lang='lat' dir='ltr'>bic</span> <span class='ocrx_word' id='word_1_63' title='bbox 864 1572 1033 1634; x_wconf 88' lang='lat' dir='ltr'>mercabilis</span> <span class='ocrx_word' id='word_1_64' title='bbox 1055 1592 1124 1635; x_wconf 90' lang='lat' dir='ltr'>aere</span> 
     </span>
     <span class='ocr_line' id='line_1_10' title="bbox 237 1681 1150 1764; baseline 0.001 -20"><span class='ocrx_word' id='word_1_65' title='bbox 237 1682 321 1745; x_wconf 91' lang='lat' dir='ltr'>llaud</span> <span class='ocrx_word' id='word_1_66' title='bbox 343 1681 402 1743; x_wconf 93' lang='lat' dir='ltr'>ulla</span> <span class='ocrx_word' id='word_1_67' title='bbox 424 1689 471 1742; x_wconf 91' lang='lat' dir='ltr'>est</span> <span class='ocrx_word' id='word_1_68' title='bbox 491 1681 606 1742; x_wconf 88' lang='lat' dir='ltr'>mulier.</span> <span class='ocrx_word' id='word_1_69' title='bbox 650 1681 795 1744; x_wconf 77' lang='lat' dir='ltr'>Comitem</span> <span class='ocrx_word' id='word_1_70' title='bbox 816 1681 881 1761; x_wconf 90' lang='lat' dir='ltr'>ipse</span> <span class='ocrx_word' id='word_1_71' title='bbox 903 1681 1030 1745; x_wconf 85' lang='lat' dir='ltr'>subinde</span> <span class='ocrx_word' id='word_1_72' title='bbox 1050 1683 1150 1764; x_wconf 85' lang='lat' dir='ltr'>petivi.</span> 
     </span>
    </p>

    <p class='ocr_par' dir='ltr' id='par_1_6' title="bbox 189 1791 1063 2197">
     <span class='ocr_line' id='line_1_11' title="bbox 189 1791 1063 1870; baseline -0.002 -14"><span class='ocrx_word' id='word_1_73' title='bbox 189 1802 220 1856; x_wconf 78' lang='lat'>65</span> <span class='ocrx_word' id='word_1_74' title='bbox 277 1791 589 1870; x_wconf 82' lang='lat' dir='ltr'>Progressipaulum,</span> <span class='ocrx_word' id='word_1_75' title='bbox 613 1791 840 1852; x_wconf 77' lang='lat' dir='ltr'>conscendimus</span> <span class='ocrx_word' id='word_1_76' title='bbox 863 1791 1063 1869; x_wconf 81' lang='lat' dir='ltr'>egredientem</span> 
     </span>
     <span class='ocr_line' id='line_1_12' title="bbox 235 1899 1031 1981; baseline -0.001 -18"><span class='ocrx_word' id='word_1_77' title='bbox 235 1902 278 1963; x_wconf 84' lang='lat' dir='ltr'>Ex</span> <span class='ocrx_word' id='word_1_78' title='bbox 298 1901 364 1981; x_wconf 91' lang='lat' dir='ltr'>ripa</span> <span class='ocrx_word' id='word_1_79' title='bbox 386 1899 551 1980; x_wconf 85' lang='lat' dir='ltr'>scopulum.</span> <span class='ocrx_word' id='word_1_80' title='bbox 596 1899 656 1961; x_wconf 91' lang='lat' dir='ltr'>Sed</span> <span class='ocrx_word' id='word_1_81' title='bbox 677 1918 733 1960; x_wconf 90' lang='lat' dir='ltr'>nus</span> <span class='ocrx_word' id='word_1_82' title='bbox 754 1899 920 1962; x_wconf 88' lang='lat' dir='ltr'>invenimus</span> <span class='ocrx_word' id='word_1_83' title='bbox 941 1901 1031 1963; x_wconf 89' lang='lat' dir='ltr'>istum</span> 
     </span>
     <span class='ocr_line' id='line_1_13' title="bbox 236 2009 1054 2090; baseline -0.002 -16"><span class='ocrx_word' id='word_1_84' title='bbox 236 2013 372 2074; x_wconf 78' lang='lat' dir='ltr'>Ascensu</span> <span class='ocrx_word' id='word_1_85' title='bbox 393 2009 529 2083; x_wconf 80' lang='lat' dir='ltr'>facilem,</span> <span class='ocrx_word' id='word_1_86' title='bbox 551 2017 770 2090; x_wconf 81' lang='lat' dir='ltr'>praeruptaque</span> <span class='ocrx_word' id='word_1_87' title='bbox 793 2027 861 2072; x_wconf 87' lang='lat' dir='ltr'>saxa</span> <span class='ocrx_word' id='word_1_88' title='bbox 883 2020 1054 2089; x_wconf 87' lang='lat' dir='ltr'>prementes</span> 
     </span>
     <span class='ocr_line' id='line_1_14' title="bbox 236 2118 994 2197; baseline -0.004 -14"><span class='ocrx_word' id='word_1_89' title='bbox 236 2121 403 2192; x_wconf 83' lang='lat' dir='ltr'>Abscessu,</span> <span class='ocrx_word' id='word_1_90' title='bbox 425 2125 562 2180; x_wconf 80' lang='lat' dir='ltr'>aetemcs</span> <span class='ocrx_word' id='word_1_91' title='bbox 584 2119 734 2180; x_wconf 87' lang='lat' dir='ltr'>anlractus</span> <span class='ocrx_word' id='word_1_92' title='bbox 755 2118 895 2197; x_wconf 89' lang='lat' dir='ltr'>liquimus</span> <span class='ocrx_word' id='word_1_93' title='bbox 916 2118 994 2193; x_wconf 90' lang='lat' dir='ltr'>illos,</span> 
     </span>
    </p>

    <p class='ocr_par' dir='ltr' id='par_1_7' title="bbox 238 2227 1031 2304">
     <span class='ocr_line' id='line_1_15' title="bbox 238 2227 1031 2304; baseline -0.004 -13"><span class='ocrx_word' id='word_1_94' title='bbox 238 2230 281 2291; x_wconf 82' lang='lat' dir='ltr'>Ad</span> <span class='ocrx_word' id='word_1_95' title='bbox 304 2230 436 2290; x_wconf 83' lang='lat' dir='ltr'>dextram</span> <span class='ocrx_word' id='word_1_96' title='bbox 457 2229 545 2289; x_wconf 88' lang='lat' dir='ltr'>versi.</span> <span class='ocrx_word' id='word_1_97' title='bbox 590 2227 648 2290; x_wconf 91' lang='lat' dir='ltr'>Sed</span> <span class='ocrx_word' id='word_1_98' title='bbox 671 2246 737 2290; x_wconf 92' lang='lat' dir='ltr'>cum</span> <span class='ocrx_word' id='word_1_99' title='bbox 760 2227 930 2290; x_wconf 85' lang='lat' dir='ltr'>devenimus</span> <span class='ocrx_word' id='word_1_100' title='bbox 952 2229 1031 2304; x_wconf 89' lang='lat' dir='ltr'>illuc,</span> 
     </span>
    </p>

    <p class='ocr_par' dir='ltr' id='par_1_8' title="bbox 190 2337 1129 2856">
     <span class='ocr_line' id='line_1_16' title="bbox 190 2337 1129 2417; baseline -0.004 -11"><span class='ocrx_word' id='word_1_101' title='bbox 190 2354 223 2405; x_wconf 86' lang='lat'>70</span> <span class='ocrx_word' id='word_1_102' title='bbox 237 2339 316 2412; x_wconf 86' lang='lat' dir='ltr'>Dux,</span> <span class='ocrx_word' id='word_1_103' title='bbox 339 2337 390 2399; x_wconf 91' lang='lat' dir='ltr'>ubi</span> <span class='ocrx_word' id='word_1_104' title='bbox 411 2356 487 2417; x_wconf 84' lang='lat' dir='ltr'>pons</span> <span class='ocrx_word' id='word_1_105' title='bbox 509 2353 619 2398; x_wconf 88' lang='lat' dir='ltr'>vacuus</span> <span class='ocrx_word' id='word_1_106' title='bbox 641 2345 741 2398; x_wconf 89' lang='lat' dir='ltr'>manet</span> <span class='ocrx_word' id='word_1_107' title='bbox 762 2337 853 2410; x_wconf 84' lang='lat' dir='ltr'>inira,</span> <span class='ocrx_word' id='word_1_108' title='bbox 876 2357 913 2399; x_wconf 93' lang='lat' dir='ltr'>ne</span> <span class='ocrx_word' id='word_1_109' title='bbox 935 2339 1018 2400; x_wconf 89' lang='lat' dir='ltr'>locus</span> <span class='ocrx_word' id='word_1_110' title='bbox 1040 2341 1129 2402; x_wconf 90' lang='lat' dir='ltr'>undis</span> 
     </span>
     <span class='ocr_line' id='line_1_17' title="bbox 239 2446 1093 2526; baseline -0.001 -15"><span class='ocrx_word' id='word_1_111' title='bbox 239 2449 401 2511; x_wconf 79' lang='lat' dir='ltr'>Caesenam</span> <span class='ocrx_word' id='word_1_112' title='bbox 423 2447 515 2508; x_wconf 88' lang='lat' dir='ltr'>desit:</span> <span class='ocrx_word' id='word_1_113' title='bbox 539 2446 679 2508; x_wconf 87' lang='lat' dir='ltr'>Gressum</span> <span class='ocrx_word' id='word_1_114' title='bbox 701 2446 790 2508; x_wconf 85' lang='lat' dir='ltr'>mode</span> <span class='ocrx_word' id='word_1_115' title='bbox 812 2448 989 2526; x_wconf 86' lang='lat' dir='ltr'>comprime,</span> <span class='ocrx_word' id='word_1_116' title='bbox 1012 2449 1093 2523; x_wconf 84' lang='lat' dir='ltr'>dixit,</span> 
     </span>
     <span class='ocr_line' id='line_1_18' title="bbox 237 2545 1064 2634; baseline 0 -14"><span class='ocrx_word' id='word_1_117' title='bbox 237 2559 296 2620; x_wconf 84' lang='lat' dir='ltr'>Fac</span> <span class='ocrx_word' id='word_1_118' title='bbox 318 2545 393 2618; x_wconf 87' lang='lat' dir='ltr'>male</span> <span class='ocrx_word' id='word_1_119' title='bbox 414 2566 549 2618; x_wconf 86' lang='lat' dir='ltr'>natorum</span> <span class='ocrx_word' id='word_1_120' title='bbox 572 2555 680 2617; x_wconf 77' lang='lat' dir='ltr'>leniant</span> <span class='ocrx_word' id='word_1_121' title='bbox 700 2567 729 2617; x_wconf 89' lang='lat' dir='ltr'>te</span> <span class='ocrx_word' id='word_1_122' title='bbox 751 2555 875 2631; x_wconf 89' lang='lat' dir='ltr'>lumina,</span> <span class='ocrx_word' id='word_1_123' title='bbox 899 2557 1064 2634; x_wconf 89' lang='lat' dir='ltr'>ethorum,</span> 
     </span>
     <span class='ocr_line' id='line_1_19' title="bbox 240 2665 1011 2745; baseline 0.003 -18"><span class='ocrx_word' id='word_1_124' title='bbox 240 2667 373 2740; x_wconf 86' lang='lat' dir='ltr'>Quorum</span> <span class='ocrx_word' id='word_1_125' title='bbox 396 2673 426 2727; x_wconf 94' lang='lat' dir='ltr'>tu</span> <span class='ocrx_word' id='word_1_126' title='bbox 448 2665 579 2726; x_wconf 89' lang='lat' dir='ltr'>nondum</span> <span class='ocrx_word' id='word_1_127' title='bbox 600 2665 724 2745; x_wconf 88' lang='lat' dir='ltr'>potuisti</span> <span class='ocrx_word' id='word_1_128' title='bbox 747 2684 869 2728; x_wconf 88' lang='lat' dir='ltr'>cernere</span> <span class='ocrx_word' id='word_1_129' title='bbox 891 2667 1011 2742; x_wconf 89' lang='lat' dir='ltr'>vultum,</span> 
     </span>
     <span class='ocr_line' id='line_1_20' title="bbox 238 2774 1116 2856; baseline 0.002 -18"><span class='ocrx_word' id='word_1_130' title='bbox 238 2777 371 2856; x_wconf 89' lang='lat' dir='ltr'>Namque</span> <span class='ocrx_word' id='word_1_131' title='bbox 391 2775 423 2836; x_wconf 93' lang='lat' dir='ltr'>bi</span> <span class='ocrx_word' id='word_1_132' title='bbox 445 2774 603 2836; x_wconf 85' lang='lat' dir='ltr'>nobiscum</span> <span class='ocrx_word' id='word_1_133' title='bbox 623 2793 740 2837; x_wconf 86' lang='lat' dir='ltr'>venere.</span> <span class='ocrx_word' id='word_1_134' title='bbox 763 2807 804 2818; x_wconf 93' lang='lat'><em>-</em></span> <span class='ocrx_word' id='word_1_135' title='bbox 825 2777 867 2836; x_wconf 84' lang='lat' dir='ltr'>Ex</span> <span class='ocrx_word' id='word_1_136' title='bbox 887 2784 979 2856; x_wconf 85' lang='lat' dir='ltr'>ponte</span> <span class='ocrx_word' id='word_1_137' title='bbox 1001 2786 1116 2840; x_wconf 82' lang='lat' dir='ltr'>vetuste</span> 
     </span>
    </p>

    <p class='ocr_par' dir='ltr' id='par_1_9' title="bbox 191 2882 989 3074">
     <span class='ocr_line' id='line_1_21' title="bbox 191 2882 989 2963; baseline 0.006 -22"><span class='ocrx_word' id='word_1_138' title='bbox 191 2890 223 2943; x_wconf 78' lang='lat' dir='ltr'>*lt</span> <span class='ocrx_word' id='word_1_139' title='bbox 238 2885 372 2948; x_wconf 86' lang='lat' dir='ltr'>Vidimus</span> <span class='ocrx_word' id='word_1_140' title='bbox 394 2882 516 2945; x_wconf 89' lang='lat' dir='ltr'>alterius</span> <span class='ocrx_word' id='word_1_141' title='bbox 538 2885 727 2963; x_wconf 88' lang='lat' dir='ltr'>speculantes</span> <span class='ocrx_word' id='word_1_142' title='bbox 750 2885 865 2963; x_wconf 84' lang='lat' dir='ltr'>agmine</span> <span class='ocrx_word' id='word_1_143' title='bbox 887 2886 989 2947; x_wconf 85' lang='lat' dir='ltr'>turbae</span> 
     </span>
     <span class='ocr_line' id='line_1_22' title="bbox 238 2992 987 3074; baseline 0.003 -19"><span class='ocrx_word' id='word_1_144' title='bbox 238 2994 281 3056; x_wconf 86' lang='lat' dir='ltr'>Ex</span> <span class='ocrx_word' id='word_1_145' title='bbox 303 2993 360 3054; x_wconf 92' lang='lat' dir='ltr'>alia</span> <span class='ocrx_word' id='word_1_146' title='bbox 382 2992 490 3072; x_wconf 87' lang='lat' dir='ltr'>raptim</span> <span class='ocrx_word' id='word_1_147' title='bbox 512 3009 568 3053; x_wconf 86' lang='lat' dir='ltr'>nea</span> <span class='ocrx_word' id='word_1_148' title='bbox 591 3002 693 3054; x_wconf 86' lang='lat' dir='ltr'>centra</span> <span class='ocrx_word' id='word_1_149' title='bbox 716 3011 871 3056; x_wconf 86' lang='lat' dir='ltr'>occurrere</span> <span class='ocrx_word' id='word_1_150' title='bbox 893 3004 987 3074; x_wconf 88' lang='lat' dir='ltr'>parte,</span> 
     </span>
    </p>

    <p class='ocr_par' dir='ltr' id='par_1_10' title="bbox 241 3101 1012 3182">
     <span class='ocr_line' id='line_1_23' title="bbox 241 3101 1012 3182; baseline -0.001 -16"><span class='ocrx_word' id='word_1_151' title='bbox 241 3105 323 3178; x_wconf 80' lang='lat' dir='ltr'>Quos</span> <span class='ocrx_word' id='word_1_152' title='bbox 345 3101 458 3182; x_wconf 89' lang='lat' dir='ltr'>pariter</span> <span class='ocrx_word' id='word_1_153' title='bbox 479 3101 566 3163; x_wconf 84' lang='lat' dir='ltr'>iustis</span> <span class='ocrx_word' id='word_1_154' title='bbox 588 3102 746 3181; x_wconf 88' lang='lat' dir='ltr'>crepitanti</span> <span class='ocrx_word' id='word_1_155' title='bbox 767 3104 890 3165; x_wconf 87' lang='lat' dir='ltr'>verbere</span> <span class='ocrx_word' id='word_1_156' title='bbox 911 3104 1012 3166; x_wconf 88' lang='lat' dir='ltr'>trudit.</span> 
     </span>
    </p>

    <p class='ocr_par' dir='ltr' id='par_1_11' title="bbox 191 3210 1184 3732">
     <span class='ocr_line' id='line_1_24' title="bbox 282 3210 1184 3292; baseline 0 -18"><span class='ocrx_word' id='word_1_157' title='bbox 282 3211 358 3274; x_wconf 81' lang='lat' dir='ltr'>&#39;lum</span> <span class='ocrx_word' id='word_1_158' title='bbox 379 3210 476 3272; x_wconf 85' lang='lat' dir='ltr'>bonus</span> <span class='ocrx_word' id='word_1_159' title='bbox 497 3211 572 3272; x_wconf 90' lang='lat' dir='ltr'>haec</span> <span class='ocrx_word' id='word_1_160' title='bbox 595 3211 691 3284; x_wconf 89' lang='lat' dir='ltr'>addit,</span> <span class='ocrx_word' id='word_1_161' title='bbox 713 3229 761 3272; x_wconf 94' lang='lat' dir='ltr'>me</span> <span class='ocrx_word' id='word_1_162' title='bbox 783 3231 842 3273; x_wconf 92' lang='lat' dir='ltr'>ncn</span> <span class='ocrx_word' id='word_1_163' title='bbox 866 3213 1006 3286; x_wconf 79' lang='lat' dir='ltr'>scitante,</span> <span class='ocrx_word' id='word_1_164' title='bbox 1029 3214 1184 3292; x_wconf 78' lang='lat' dir='ltr'>magister:</span> 
     </span>
     <span class='ocr_line' id='line_1_25' title="bbox 238 3319 1089 3402; baseline 0 -18"><span class='ocrx_word' id='word_1_165' title='bbox 238 3322 346 3402; x_wconf 81' lang='lat' dir='ltr'>Aspice</span> <span class='ocrx_word' id='word_1_166' title='bbox 368 3337 504 3398; x_wconf 79' lang='lat' dir='ltr'>magnum</span> <span class='ocrx_word' id='word_1_167' title='bbox 526 3319 609 3381; x_wconf 93' lang='lat' dir='ltr'>illum</span> <span class='ocrx_word' id='word_1_168' title='bbox 628 3319 810 3392; x_wconf 82' lang='lat' dir='ltr'>venientem,</span> <span class='ocrx_word' id='word_1_169' title='bbox 833 3330 955 3402; x_wconf 87' lang='lat' dir='ltr'>pectore</span> <span class='ocrx_word' id='word_1_170' title='bbox 976 3322 1089 3384; x_wconf 94' lang='lat' dir='ltr'>nullum</span> 
     </span>
     <span class='ocr_line' id='line_1_26' title="bbox 191 3429 1159 3511; baseline 0.007 -23"><span class='ocrx_word' id='word_1_171' title='bbox 191 3434 223 3488; x_wconf 83' lang='lat'>8⁰</span> <span class='ocrx_word' id='word_1_172' title='bbox 240 3431 293 3495; x_wconf 88' lang='lat' dir='ltr'>Cui</span> <span class='ocrx_word' id='word_1_173' title='bbox 316 3430 457 3510; x_wconf 81' lang='lat' dir='ltr'>gemitum</span> <span class='ocrx_word' id='word_1_174' title='bbox 480 3441 528 3490; x_wconf 91' lang='lat' dir='ltr'>aut</span> <span class='ocrx_word' id='word_1_175' title='bbox 549 3429 701 3491; x_wconf 88' lang='lat' dir='ltr'>lacrimam</span> <span class='ocrx_word' id='word_1_176' title='bbox 724 3429 809 3491; x_wconf 87' lang='lat' dir='ltr'>dulor</span> <span class='ocrx_word' id='word_1_177' title='bbox 831 3431 1014 3511; x_wconf 86' lang='lat' dir='ltr'>expressisse</span> <span class='ocrx_word' id='word_1_178' title='bbox 1035 3431 1159 3495; x_wconf 88' lang='lat' dir='ltr'>videtur.</span> 
     </span>
     <span class='ocr_line' id='line_1_27' title="bbox 240 3538 1092 3618; baseline 0 -16"><span class='ocrx_word' id='word_1_179' title='bbox 240 3543 390 3616; x_wconf 86' lang='lat' dir='ltr'>Quantum</span> <span class='ocrx_word' id='word_1_180' title='bbox 412 3539 438 3600; x_wconf 92' lang='lat' dir='ltr'>is</span> <span class='ocrx_word' id='word_1_181' title='bbox 460 3538 556 3600; x_wconf 89' lang='lat' dir='ltr'>adhuc</span> <span class='ocrx_word' id='word_1_182' title='bbox 578 3539 687 3601; x_wconf 92' lang='lat' dir='ltr'>retinet</span> <span class='ocrx_word' id='word_1_183' title='bbox 707 3540 819 3602; x_wconf 86' lang='lat' dir='ltr'>lcrmae</span> <span class='ocrx_word' id='word_1_184' title='bbox 840 3539 948 3618; x_wconf 85' lang='lat' dir='ltr'>regalis</span> <span class='ocrx_word' id='word_1_185' title='bbox 971 3540 1001 3601; x_wconf 92' lang='lat' dir='ltr'>in</span> <span class='ocrx_word' id='word_1_186' title='bbox 1024 3542 1092 3603; x_wconf 88' lang='lat' dir='ltr'>cre!</span> 
     </span>
     <span class='ocr_line' id='line_1_28' title="bbox 240 3648 1121 3732; baseline 0.001 -20"><span class='ocrx_word' id='word_1_187' title='bbox 240 3649 402 3712; x_wconf 86' lang='lat' dir='ltr'>Thessalus</span> <span class='ocrx_word' id='word_1_188' title='bbox 423 3649 592 3711; x_wconf 74' lang='lat' dir='ltr'>Aisoumas</span> <span class='ocrx_word' id='word_1_189' title='bbox 614 3648 664 3709; x_wconf 91' lang='lat' dir='ltr'>ille</span> <span class='ocrx_word' id='word_1_190' title='bbox 687 3657 746 3722; x_wconf 92' lang='lat' dir='ltr'>est,</span> <span class='ocrx_word' id='word_1_191' title='bbox 770 3650 821 3730; x_wconf 91' lang='lat' dir='ltr'>qui</span> <span class='ocrx_word' id='word_1_192' title='bbox 841 3661 940 3712; x_wconf 89' lang='lat' dir='ltr'>mente</span> <span class='ocrx_word' id='word_1_193' title='bbox 963 3651 1121 3732; x_wconf 90' lang='lat' dir='ltr'>animoque</span> 
     </span>
    </p>

    <p class='ocr_par' dir='ltr' id='par_1_12' title="bbox 237 3755 1059 3949">
     <span class='ocr_line' id='line_1_29' title="bbox 239 3755 905 3838; baseline -0.002 -15"><span class='ocrx_word' id='word_1_194' title='bbox 239 3759 349 3823; x_wconf 77' lang='lat' dir='ltr'>Arietis</span> <span class='ocrx_word' id='word_1_195' title='bbox 371 3769 472 3821; x_wconf 86' lang='lat' dir='ltr'>aurate</span> <span class='ocrx_word' id='word_1_196' title='bbox 494 3757 619 3838; x_wconf 86' lang='lat' dir='ltr'>privavit</span> <span class='ocrx_word' id='word_1_197' title='bbox 639 3759 746 3820; x_wconf 89' lang='lat' dir='ltr'>vellere</span> <span class='ocrx_word' id='word_1_198' title='bbox 769 3755 905 3822; x_wconf 83' lang='lat' dir='ltr'>Calchas.</span> 
     </span>
     <span class='ocr_line' id='line_1_30' title="bbox 237 3868 1059 3949; baseline 0.001 -18"><span class='ocrx_word' id='word_1_199' title='bbox 237 3871 367 3932; x_wconf 89' lang='lat' dir='ltr'>llenerat</span> <span class='ocrx_word' id='word_1_200' title='bbox 386 3868 413 3929; x_wconf 94' lang='lat' dir='ltr'>is</span> <span class='ocrx_word' id='word_1_201' title='bbox 435 3885 507 3930; x_wconf 88' lang='lat' dir='ltr'>casu</span> <span class='ocrx_word' id='word_1_202' title='bbox 528 3868 691 3943; x_wconf 87' lang='lat' dir='ltr'>Lemnum,</span> <span class='ocrx_word' id='word_1_203' title='bbox 714 3887 795 3942; x_wconf 87' lang='lat' dir='ltr'>cum,</span> <span class='ocrx_word' id='word_1_204' title='bbox 818 3870 908 3931; x_wconf 86' lang='lat' dir='ltr'>caede</span> <span class='ocrx_word' id='word_1_205' title='bbox 930 3879 1059 3949; x_wconf 86' lang='lat' dir='ltr'>peracta,</span> 
     </span>
    </p>

    <p class='ocr_par' dir='ltr' id='par_1_13' title="bbox 193 3977 1084 4273">
     <span class='ocr_line' id='line_1_31' title="bbox 193 3977 1084 4061; baseline -0.001 -20"><span class='ocrx_word' id='word_1_206' title='bbox 193 3978 224 4032; x_wconf 81' lang='grc'>85</span> <span class='ocrx_word' id='word_1_207' title='bbox 241 3979 374 4058; x_wconf 84' lang='lat' dir='ltr'>Corpora</span> <span class='ocrx_word' id='word_1_208' title='bbox 399 3986 507 4039; x_wconf 85' lang='lat' dir='ltr'>cuncte</span> <span class='ocrx_word' id='word_1_209' title='bbox 528 3977 623 4040; x_wconf 85' lang='lat' dir='ltr'>virum</span> <span class='ocrx_word' id='word_1_210' title='bbox 645 3996 699 4057; x_wconf 91' lang='lat' dir='ltr'>per</span> <span class='ocrx_word' id='word_1_211' title='bbox 720 3978 810 4040; x_wconf 87' lang='lat' dir='ltr'>calles</span> <span class='ocrx_word' id='word_1_212' title='bbox 832 3987 923 4041; x_wconf 89' lang='lat' dir='ltr'>strata</span> <span class='ocrx_word' id='word_1_213' title='bbox 943 3979 1084 4061; x_wconf 87' lang='lat' dir='ltr'>jacebant</span> 
     </span>
     <span class='ocr_line' id='line_1_32' title="bbox 240 4087 1023 4161; baseline 0 -11"><span class='ocrx_word' id='word_1_214' title='bbox 240 4087 400 4150; x_wconf 77' lang='lat' dir='ltr'>Femineae</span> <span class='ocrx_word' id='word_1_215' title='bbox 415 4087 527 4150; x_wconf 88' lang='lat' dir='ltr'>turbae</span> <span class='ocrx_word' id='word_1_216' title='bbox 548 4088 666 4161; x_wconf 87' lang='lat' dir='ltr'>dextra,</span> <span class='ocrx_word' id='word_1_217' title='bbox 689 4096 719 4149; x_wconf 92' lang='lat' dir='ltr'>et</span> <span class='ocrx_word' id='word_1_218' title='bbox 741 4088 909 4151; x_wconf 88' lang='lat' dir='ltr'>crudelibus</span> <span class='ocrx_word' id='word_1_219' title='bbox 931 4090 1023 4152; x_wconf 90' lang='lat' dir='ltr'>ausis.</span> 
     </span>
     <span class='ocr_line' id='line_1_33' title="bbox 242 4197 956 4273; baseline -0.003 -11"><span class='ocrx_word' id='word_1_220' title='bbox 242 4197 370 4263; x_wconf 88' lang='lat' dir='ltr'>Nutibus</span> <span class='ocrx_word' id='word_1_221' title='bbox 391 4197 442 4258; x_wconf 95' lang='lat' dir='ltr'>hic</span> <span class='ocrx_word' id='word_1_222' title='bbox 463 4215 535 4263; x_wconf 90' lang='lat' dir='ltr'>usus</span> <span class='ocrx_word' id='word_1_223' title='bbox 556 4197 654 4259; x_wconf 88' lang='lat' dir='ltr'>verbis</span> <span class='ocrx_word' id='word_1_224' title='bbox 667 4206 706 4260; x_wconf 82' lang='lat' dir='ltr'>ct</span> <span class='ocrx_word' id='word_1_225' title='bbox 727 4198 829 4260; x_wconf 89' lang='lat' dir='ltr'>lallere</span> <span class='ocrx_word' id='word_1_226' title='bbox 850 4199 956 4273; x_wconf 87' lang='lat' dir='ltr'>doctis,</span> 
     </span>
    </p>

    <p class='ocr_par' dir='ltr' id='par_1_14' title="bbox 195 4307 1121 4606">
     <span class='ocr_line' id='line_1_34' title="bbox 241 4307 959 4387; baseline 0 -17"><span class='ocrx_word' id='word_1_227' title='bbox 241 4307 357 4370; x_wconf 85' lang='lat' dir='ltr'>Dicitur</span> <span class='ocrx_word' id='word_1_228' title='bbox 377 4307 562 4372; x_wconf 81' lang='lat' dir='ltr'>Hmsreruau</span> <span class='ocrx_word' id='word_1_229' title='bbox 585 4307 682 4368; x_wconf 85' lang='lat' dir='ltr'>lucum</span> <span class='ocrx_word' id='word_1_230' title='bbox 705 4307 814 4370; x_wconf 86' lang='lat' dir='ltr'>iecisse</span> <span class='ocrx_word' id='word_1_231' title='bbox 834 4308 959 4387; x_wconf 90' lang='lat' dir='ltr'>puellae,</span> 
     </span>
     <span class='ocr_line' id='line_1_35' title="bbox 241 4417 953 4496; baseline 0.001 -17"><span class='ocrx_word' id='word_1_232' title='bbox 241 4417 384 4479; x_wconf 79' lang='lat' dir='ltr'>Femineo</span> <span class='ocrx_word' id='word_1_233' title='bbox 407 4417 506 4480; x_wconf 86' lang='lat' dir='ltr'>lucum</span> <span class='ocrx_word' id='word_1_234' title='bbox 529 4434 604 4496; x_wconf 92' lang='lat' dir='ltr'>quae</span> <span class='ocrx_word' id='word_1_235' title='bbox 626 4417 737 4478; x_wconf 87' lang='lat' dir='ltr'>lecerat</span> <span class='ocrx_word' id='word_1_236' title='bbox 758 4425 826 4480; x_wconf 88' lang='lat' dir='ltr'>ante</span> <span class='ocrx_word' id='word_1_237' title='bbox 848 4418 953 4480; x_wconf 81' lang='lat' dir='ltr'>furori.</span> 
     </span>
     <span class='ocr_line' id='line_1_36' title="bbox 195 4525 1121 4606; baseline -0.004 -12"><span class='ocrx_word' id='word_1_238' title='bbox 195 4525 297 4594; x_wconf 83' lang='grc'><strong>101110</strong></span> <span class='ocrx_word' id='word_1_239' title='bbox 321 4526 470 4606; x_wconf 77' lang='lat' dir='ltr'>gravidam</span> <span class='ocrx_word' id='word_1_240' title='bbox 493 4534 524 4588; x_wconf 92' lang='grc'>01</span> <span class='ocrx_word' id='word_1_241' title='bbox 545 4525 638 4592; x_wconf 86' lang='lat' dir='ltr'>solam</span> <span class='ocrx_word' id='word_1_242' title='bbox 660 4526 756 4606; x_wconf 89' lang='lat' dir='ltr'>liquit.</span> <span class='ocrx_word' id='word_1_243' title='bbox 800 4528 960 4591; x_wconf 87' lang='lat' dir='ltr'>Damnatus</span> <span class='ocrx_word' id='word_1_244' title='bbox 982 4527 1020 4590; x_wconf 89' lang='lat' dir='ltr'>cb</span> <span class='ocrx_word' id='word_1_245' title='bbox 1043 4528 1121 4591; x_wconf 88' lang='lat' dir='ltr'>istud</span> 
     </span>
    </p>
   </div>
   <div class='ocr_carea' id='block_1_3' title="bbox 0 0 1622 5394">
    <p class='ocr_par' dir='ltr' id='par_1_15' title="bbox 0 0 1622 5394">
     <span class='ocr_line' id='line_1_37' title="bbox 0 0 1622 5394; baseline 0 7"><span class='ocrx_word' id='word_1_246' title='bbox 0 0 1622 5394; x_wconf 95' lang='lat' dir='ltr'> </span> 
     </span>
    </p>
   </div>
  </div>
 </body>
</html>
