3234 5396
350 516 414 579 234
778 517 958 570 runol'ronll
976 519 1039 571 m.

286 777 292 790 ·
416 736 526 810 Virtus,
549 735 644 816 qualis
664 736 743 799 inest
763 735 888 817 plantae,
911 739 969 800 nisi
991 739 1091 818 planto
1113 747 1228 802 teneret

367 859 401 914 pn
416 847 481 909 Jam
501 847 607 926 ripam,
630 845 680 908 illa
701 865 794 908 novos
816 856 991 927 properaret
1011 859 1132 928 tangere
1152 858 1267 930 portus.

416 956 491 1018 Dein
513 955 558 1017 sic
580 956 658 1019 intus
681 955 750 1033 agit,
773 963 872 1018 motus
894 965 925 1020 nt
942 957 1004 1038 jam
1027 958 1163 1038 explicet,
1182 960 1290 1041 etjam

415 1065 561 1146 llxpediat
581 1083 711 1138 sensum,
734 1081 789 1128 ceu
811 1066 937 1146 spongia
956 1067 988 1128 in
1010 1085 1141 1146 aequore
1160 1068 1253 1134 vivax.

415 1175 512 1255 Atque
533 1175 583 1236 hic
604 1175 774 1254 aggreditur
793 1194 974 1256 componere
996 1177 1203 1258 disposituras,

418 1285 498 1359 Quas
519 1294 648 1366 poscunt
669 1284 720 1347 tali
742 1293 904 1365 prognatae
926 1287 1040 1350 semine
1062 1287 1151 1350 vires.

365 1405 399 1460 an
458 1395 497 1456 Se
520 1395 609 1456 modo
631 1395 740 1468 dilatet,
763 1395 852 1456 modo
875 1395 967 1456 flectit
986 1395 1083 1458 vivida
1103 1397 1205 1470 virtus,

417 1505 442 1568 Ο
465 1504 516 1579 tili,
538 1503 633 1584 ipsius
654 1521 777 1566 manans
799 1523 834 1567 ex
856 1506 947 1568 corde
969 1506 1114 1584 geneotis,

414 1615 471 1676 Ars
491 1613 544 1677 ubi
565 1621 687 1676 naturae
709 1621 833 1676 cunctos
855 1633 888 1676 se
910 1613 1037 1676 intendit
1057 1615 1088 1676 in
1110 1623 1202 1678 artus.

414 1726 453 1787 m
474 1743 531 1804 qua
553 1721 603 1804 qui
626 1731 672 1784 est
692 1723 836 1796 animans,
858 1743 928 1786 mox
948 1725 1000 1786 fiat
1020 1725 1111 1788 larier
1132 1735 1228 1806 aptus,

413 1833 553 1897 Nondum
575 1833 743 1912 cognoscis.
787 1823 890 1896 Tantis
911 1841 959 1896 est
978 1841 1061 1913 septa
1083 1834 1215 1896 tenebris

364 1957 398 2010 tto
414 1945 496 2008 Haec
515 1943 571 2017 via,
592 1948 626 2004 ut
647 1961 664 2004 a
685 1961 756 2005 vero
776 1941 837 2024 jam
859 1941 948 2022 longe
970 1942 1123 2006 abduxerit
1143 1943 1235 2017 illurn,

416 2055 473 2129 Qui
496 2053 550 2115 tihi
570 2052 706 2114 doctrina
727 2061 828 2114 mente
849 2061 880 2114 et
899 2052 1068 2132 praestabat
1089 2061 1192 2128 acuta;

413 2165 547 2244 Namque
568 2163 666 2226 anima
687 2161 790 2230 docuit
811 2161 978 2243 sejunctam
1000 2161 1145 2226 adsistere
1165 2172 1306 2236 mentem,

413 2276 449 2336 ln
470 2293 529 2354 qua
550 2271 708 2335 consilium
730 2280 784 2345 est,
808 2271 877 2352 quia
899 2272 1009 2336 niellam
1030 2273 1061 2334 in
1085 2290 1212 2353 corpore
1233 2273 1338 2335 sedem

413 2383 491 2446 Huic
511 2383 563 2446 uni
584 2383 736 2463 propriam
756 2381 839 2444 vidit.
883 2381 969 2443 Nunc
989 2391 1111 2462 pectore
1134 2389 1235 2462 aperto

364 2501 398 2557 tt
414 2494 474 2555 l'ac
494 2511 596 2554 verum
618 2491 857 2572 accipias,·quod
879 2491 976 2571 prodo
998 2489 1029 2552 in
1051 2491 1171 2553 luminis
1196 2509 1277 2554 oras.

456 2602 531 2664 Nam
553 2601 677 2664 simulac
698 2602 796 2664 scetus
819 2601 917 2681 coepit
938 2600 1068 2680 gaudere
1089 2601 1214 2664 cerebro

413 2712 561 2784 Perfecto,
582 2711 663 2772 hune
683 2711 797 2792 primus
811 2689 940 2774 'laetanti
964 2711 1089 2792 suspicit
1114 2729 1175 2786 ore,

413 2822 492 2882 Artis
516 2839 591 2902 opus
613 2828 711 2883 tantae
732 2827 831 2882 motor
851 2820 985 2895 miratus,
1009 2829 1039 2884 et
1060 2839 1149 2884 aurae

412 2931 480 3012 lpse
501 2950 611 2994 norum
633 2931 740 2992 llameo
768 2929 863 3011 spirat
883 2929 990 2992 virtute
1011 2930 1166 3011 repletum,
1200 2989 1204 2995 ,
1290 2953 1294 2964 ·

363 3049 396 3102 7⁰
413 3041 510 3117 Quod,
533 3040 677 3122 quidquid
697 3039 776 3102 vires
797 3040 874 3103 valet
895 3057 1034 3103 exercere
1054 3060 1111 3122 per
1131 3047 1223 3113 artus

411 3151 540 3214 Attrahit
560 3152 592 3212 in
613 3169 691 3225 sese,
715 3167 750 3212 ac
770 3156 866 3212 toturn
889 3150 946 3212 sihi
965 3150 1063 3232 jungit
1083 3152 1115 3213 in
1136 3169 1237 3212 unum.

453 3262 532 3323 Hinc
552 3261 679 3340 simplex
700 3259 799 3322 anima
820 3261 959 3339 exsurgit,
983 3279 1059 3341 quae
1081 3261 1215 3342 praedita
1236 3260 1306 3334 vita,

411 3372 450 3433 llt
471 3390 562 3434 sensu
583 3371 711 3452 pollens,
733 3371 765 3432 in
787 3387 820 3431 se
842 3389 911 3432 sese
933 3371 999 3450 ipsa
1021 3370 1157 3432 rellectit.

393 3501 395 3506 ·
413 3481 540 3562 Quoque
561 3481 659 3543 minus
681 3490 781 3542 tecmn
801 3499 849 3558 me
872 3481 917 3542 sic
937 3481 1046 3544 mirere
1065 3481 1205 3550 locutum,

361 3599 395 3652 75
411 3591 550 3671 Adspice,
573 3598 605 3652 nt
625 3590 657 3651 in
678 3590 779 3652 unum
800 3597 938 3664 mutetur,
961 3591 1025 3652 sole
1048 3591 1178 3652 colorem

410 3701 589 3774 Praebente,
612 3699 683 3762 huic
700 3700 833 3781 Junctus,
857 3701 908 3780 qni
929 3707 1029 3762 manat
1049 3700 1167 3774 vitibus,
1189 3699 1306 3765 humor.

411 3811 448 3872 Et
470 3810 594 3873 simulac
615 3809 757 3872 Lachesis
779 3810 906 3872 devolvit
925 3811 1035 3872 vellera
1056 3811 1133 3884 inso,

412 3921 516 3983 Carnis
537 3939 572 3982 se
594 3920 682 3984 solvit
701 3919 817 3994 vinclis,
838 3929 870 3982 et
891 3920 1035 4000 quidquid
1056 3919 1185 3982 hahebat

410 4030 590 4092 immortalis
612 4037 641 4092 et
662 4031 793 4103 humani,
815 4031 922 4092 virtute
945 4049 998 4092 sua
1022 4041 1104 4093 stans

361 4154 395 4208 80
411 4140 481 4201 Fert
503 4159 621 4202 seeum:
644 4160 680 4204 ex
701 4140 826 4220 reliquis
849 4159 1052 4221 quaecumque
1073 4149 1120 4202 est
1140 4131 1221 4202 muta
1242 4139 1368 4202 facultas

412 4249 518 4322 insita,
542 4269 600 4330 qna
620 4249 794 4313 meminisse
815 4249 902 4324 valet,
925 4267 983 4330 qua
1000 4249 1115 4332 iudicat
1137 4234 1170 4312 et*
1185 4249 1256 4323 vult,

410 4358 515 4420 Acrior
536 4360 640 4434 eradit,
663 4377 752 4440 quam
775 4360 800 4421 si
822 4368 903 4423 esset
924 4379 1052 4442 corpore
1072 4360 1179 4422 uincta.

410 4469 473 4532 Noc
492 4486 590 4547 mora3
612 4469 821 4552 praecipitans,
843 4469 964 4534 muuml
986 4491 1042 4554 per
1063 4488 1096 4532 se
1117 4469 1221 4533 incidit
1241 4487 1313 4532 orae
