3282 5404
363 549 424 614 382
816 551 950 602 ramursr
968 553 1045 602 run

430 771 513 845 Quae
534 770 608 833 nihil
630 769 805 834 abscondit:
829 787 922 852 quare
943 771 1120 834 intercidere
1144 790 1245 834 earum

378 889 412 942 7⁰
427 881 513 944 Nulla
534 888 634 962 potest
655 878 770 944 navitas
791 880 897 944 risum.
940 881 1018 944 Hinc
1040 880 1218 944 concludere
1240 891 1370 962 oportet,

427 991 494 1054 Non
516 1009 592 1070 opus
616 1009 683 1052 esse
706 989 782 1071 ipsis
803 1009 883 1054 nuno
904 991 970 1065 bas,
992 1008 1071 1054 nuno
1093 991 1227 1054 dividere
1249 993 1316 1056 illas

427 1103 461 1164 ln
481 1110 582 1182 partes
605 1100 745 1176 animum,
768 1108 798 1162 et
818 1119 918 1164 rerum
940 1101 1114 1164 meminisse
1137 1102 1275 1164 seorsim.

429 1210 480 1274 Sic
500 1230 563 1285 vos,
585 1211 736 1286 mortales,
757 1210 913 1290 vigilantes
935 1209 1051 1275 somnia
1071 1230 1146 1274 rana

429 1320 570 1401 (luptatis,
592 1339 646 1384 seu
666 1340 736 1386 vera
757 1321 822 1395 rati,
845 1339 899 1383 seu
921 1319 1021 1384 dicere
1043 1321 1127 1396 tana,

378 1441 411 1496 td
429 1431 563 1504 Quorum
583 1449 674 1494 unum
696 1430 801 1511 eulpae
821 1430 890 1512 plus
912 1432 1007 1504 allert,
1028 1431 1156 1512 plusque
1178 1431 1314 1511 pudoris.

470 1541 537 1604 Nan
557 1540 642 1604 robis
664 1559 734 1604 eura
757 1547 804 1602 est
823 1558 878 1620 per
900 1539 958 1602 iter
979 1539 1112 1604 delabier
1132 1558 1224 1602 unum

426 1651 621 1732 Philosopbi3
643 1667 738 1732 usqua
759 1650 835 1712 adeo
856 1669 910 1712 ros
932 1658 1030 1712 versat
1052 1649 1181 1730 imagine
1202 1651 1326 1731 primae·
1443 1668 1448 1682 ’

425 1761 546 1826 Frontis
568 1779 651 1822 amor
672 1759 871 1842 studiumque,
893 1759 951 1822 leri
974 1759 1054 1840 quod
1075 1761 1208 1841 pasoitur
1229 1779 1310 1824 aura.

427 1872 520 1952 ldque
542 1870 633 1934 etiam
653 1870 738 1934 eoelo
760 1869 859 1932 minus
880 1869 1053 1948 indignante
1074 1871 1196 1945 leretur,

377 1991 412 2048 ao
429 1981 526 2055 Quam
548 1998 614 2043 eum
635 1979 795 2060 negligitur
815 1979 984 2062 scripturae
1005 1980 1104 2044 littera
1126 1959 1248 2056 sarrae(

426 2091 480 2152 llel
502 2089 705 2172 detorquetur.
747 2090 841 2153 Nemo
864 2097 919 2163 est,
943 2089 993 2170 qui
1016 2091 1184 2171 expendere
1205 2100 1310 2154 sumat.

427 2200 577 2280 Sanguine
599 2207 659 2263 stet
677 2207 788 2282 quanto
810 2200 842 2264 in
862 2199 952 2262 terris
972 2200 1032 2264 boo
1053 2217 1194 2281 spargere
1214 2219 1326 2273 semen,

429 2311 583 2391 Quamque
605 2311 666 2372 ileo
688 2309 806 2390 placeat
825 2310 927 2391 posito
950 2311 1119 2392 quicunque
1142 2317 1255 2374 tumore

426 2421 544 2483 Pronus
566 2421 598 2482 in
619 2420 797 2500 obsequium
819 2420 919 2482 divino
941 2419 1064 2484 eredere
1086 2421 1169 2484 fonto

377 2538 411 2592 85
427 2531 546 2592 Ardent
588 2531 626 2593 bt
647 2531 772 2612 quisque
793 2530 923 2610 ingenio,
946 2530 1017 2594 dum
1038 2530 1144 2592 doetus
1165 2529 1270 2594 baberi

427 2639 504 2714 Vult,
527 2640 685 2720 studioque
708 2641 789 2702 omni
812 2659 866 2703 sua
886 2639 959 2704 dum
980 2648 1148 2704 oommenta
1168 2639 1328 2721 propinem

429 2748 596 2828 Oratorque
617 2768 703 2811 sacer
723 2749 843 2831 popufis
863 2751 940 2815 baeo
959 2749 1088 2812 vendere
1110 2761 1204 2824 aurat,

427 2857 466 2920 Et
486 2858 576 2932 canit,
599 2867 686 2940 atque
706 2858 859 2938 Evangelii
880 2859 1015 2923 doctriua
1037 2867 1161 2924 tacetur.

470 2967 527 3030 llio
549 2968 630 3043 dicit,
651 2969 777 3043 Lunam,
799 2968 917 3032 Christo
939 2971 1080 3051 patiente,
1101 2977 1266 3034 retrorsum

378 3089 414 3142 ao
427 3078 553 3158 Fugisse
575 3089 663 3160 atque
685 3080 790 3158 ingens
812 3078 1031 3161 interposuisse
1051 3079 1199 3151 volumen.

429 3189 528 3262 Quare
549 3208 610 3252 non
631 3189 707 3258 ultra
728 3189 854 3253 indulsit
874 3190 922 3252 sol
942 3190 1056 3254 lumina
1074 3188 1187 3266 terris;

426 3297 490 3371 Ille,
513 3317 599 3360 suum
621 3297 719 3362 luoem
739 3318 795 3381 per
816 3319 849 3364 se
872 3301 986 3362 celasse
1008 3298 1146 3374 nitorem,

426 3410 523 3487 Atque
545 3407 613 3470 ideo
636 3409 786 3490 Hispanos
809 3409 959 3472 dolentum
980 3408 1103 3472 luminis
1125 3408 1218 3483 illum,

426 3517 519 3580 Indos
538 3520 729 3600 ludaeosque
749 3519 839 3582 simul
860 3519 997 3582 turbasse
1019 3519 1154 3582 colonas.

379 3636 413 3689 ab
428 3628 496 3689 Nan
515 3636 561 3690 tat
581 3628 672 3716 babet
690 3631 800 3710 Lepos,
822 3649 880 3692 nee
900 3637 946 3692 tot
964 3629 1115 3692 Florentia
1135 3628 1258 3698 Blados.

429 3738 510 3811 Quot
531 3738 645 3800 similes
665 3739 756 3802 tricas
777 3751 922 3804 resonant
942 3747 1082 3821 suggesta
1102 3757 1158 3819 per
1178 3757 1298 3802 annum.

424 3847 541 3911 Interea
561 3849 640 3911 redit
661 3870 678 3913 a
699 3861 790 3930 pastu
809 3857 959 3912 saturatus
980 3849 1063 3912 inani

424 3957 504 4021 Aura
525 3959 714 4037 grenarium
735 3959 866 4038 ignarus,
887 3977 944 4022 nea
966 3958 1090 4022 erimina
1111 3969 1226 4040 purgat,

426 4068 484 4141 Qui
507 4069 589 4143 dicit,
611 4069 709 4132 labem
731 4089 765 4132 sa
786 4089 848 4131 nen
869 4069 982 4132 vidisse
1003 4068 1162 4132 malorum.

360 4185 409 4238 100
466 4177 532 4239 Non
555 4179 629 4240 dixit
650 4179 785 4241 Christus
807 4179 922 4260 primis,
946 4199 1021 4260 quos
1043 4179 1166 4242 loedere
1186 4165 1300 4260 junxiti

423 4286 468 4349 lte
490 4296 519 4350 et
540 4297 708 4369 pertatem
728 4307 823 4370 nugas
845 4289 1002 4353 diffundite
1023 4297 1149 4362 terrama

424 4395 462 4458 tt
483 4397 565 4460 dedit
585 4399 633 4461 bis
654 4419 742 4462 verax
763 4400 945 4474 fundamen3
967 4411 998 4462 et
1018 4399 1092 4464 illud
1114 4400 1147 4461 in
1169 4418 1222 4462 ore

424 4505 521 4568 Unum
543 4507 607 4589 ejus
630 4511 738 4584 sonuit,
761 4511 880 4591 dequo
901 4510 961 4574 sibi
982 4519 1135 4591 saumque,
1157 4519 1187 4572 et
1206 4509 1308 4572 hastas
