3282 5404
631 534 764 584 rnflnnrsl
783 534 860 584 XXXi.

124 801 125 804 ,
245 750 375 812 (innatos
397 767 520 829 risuque
541 769 598 812 suo
621 750 802 830 alteriusque
824 751 932 824 nitore,

193 869 227 923 45
244 861 280 922 m
302 867 528 940 praeponentes
551 868 634 936 gestu
656 861 766 921 deeora
789 859 889 922 omnia
910 861 1047 923 honesto.

243 971 368 1050 Jamque
391 969 527 1049 inspecta
549 969 623 1030 mihi
645 968 792 1048 generalis
814 969 910 1030 ionna
931 969 1011 1032 heaii

244 1079 338 1158 Regni
361 1087 422 1140 tota
444 1077 539 1140 oeulis
561 1079 666 1151 iuerat,
689 1097 765 1157 quos
788 1077 894 1139 nullibi
916 1080 991 1140 fixos

244 1189 373 1262 Detinui‚
396 1196 435 1262 el,
457 1187 609 1250 desiderio
632 1187 842 1260 inflammante7
865 1188 1004 1267 petebam

245 1299 335 1361 Divae
358 1298 461 1359 oeulos
482 1297 636 1372 Dominae,
659 1297 794 1377 cupidus,
817 1315 893 1378 quae
914 1307 1015 1361 mente
1036 1301 1178 1364 tenebant

195 1416 229 1470 5⁰
245 1409 304 1470 Res
326 1429 374 1470 me
398 1426 586 1486 suspensum,
610 1406 756 1470 scitarier.
780 1439 818 1452 -
841 1408 923 1468 Unus
946 1409 982 1470 ad
1006 1408 1079 1469 ista:

245 1517 470 1598 Responditque
491 1517 576 1579 niter.
619 1518 696 1578 Tum
718 1517 769 1598 qui
792 1525 928 1596 spectare
949 1517 1089 1598 putabam

246 1629 306 1689 Dra
327 1627 498 1701 Berenicis,
522 1626 670 1688 seniorem
694 1626 822 1705 tegmine
843 1626 914 1700 vidi,

247 1738 313 1811 Qno
337 1736 454 1817 Superi,
478 1737 624 1808 indutum,
648 1737 794 1798 suffusum
815 1735 979 1815 oculosque
1001 1755 1151 1818 genasque

247 1845 331 1915 Comi
353 1846 464 1908 laetitia
487 1854 630 1926 gestuque
651 1847 743 1926 pium,
765 1853 799 1906 ut
820 1845 907 1907 deeet
929 1864 997 1908 esse

195 1975 229 2027 55
247 1957 342 2018 Corde
364 1963 480 2035 patrem
503 1963 617 2017 tenero.
649 1954 703 2016 Ast
724 1973 779 2033 ego
801 1957 884 2016 mox:
905 1955 1033 2018 Ubinam
1051 1957 1125 2020 iila?
1146 1959 1219 2020 nini
1237 1961 1308 2021 iste:

246 2067 283 2128 Ut
303 2065 358 2127 tihi
379 2073 425 2128 sai
446 2065 505 2138 fiat,
528 2084 576 2126 me
598 2064 691 2126 movit
711 2064 783 2127 sede
804 2065 951 2142 Bnnrn1x3

246 2175 285 2237 Aa
305 2175 331 2238 si
353 2173 502 2255 suspicias
524 2173 575 2254 qui
598 2174 703 2238 tertius
724 2174 829 2238 ordine
850 2194 999 2238 summum

247 2286 363 2348 Circius
384 2283 475 2346 habet
496 2301 659 2358 scamnum,
681 2303 785 2345 rursus
808 2286 965 2348 manifesta
987 2285 1145 2348 viDendam

247 2399 287 2459 Se
309 2395 393 2458 dabit
413 2394 445 2455 in
465 2394 554 2468 solio,
575 2392 740 2456 benefactis
762 2402 831 2456 ante
852 2395 965 2474 paratis

197 2523 231 2576 ao
249 2506 336 2580 Quod
358 2505 460 2566 sortita
483 2503 547 2565 suit,
570 2503 721 2564 -Visus
744 2504 808 2566 sine
830 2521 902 2565 voce
924 2501 1026 2576 levavi,

247 2617 349 2696 Deque
370 2631 548 2695 repercusso
570 2613 684 2674 aeterni
705 2613 866 2692 splendore
890 2614 1025 2676 Parentis

247 2727 332 2788 Hanc
354 2743 408 2786 suo
431 2741 486 2801 ego
509 2723 569 2784 vidi
590 2721 680 2803 capili
703 2723 811 2784 fecisse
835 2741 984 2784 coronam.

291 2837 426 2910 Quantus
449 2833 486 2894 ab
509 2839 639 2894 extrema
660 2831 793 2912 regione,
816 2833 868 2896 ubi
885 2834 1040 2895 flammeus
1059 2841 1110 2896 aer

248 2947 319 3008 Plus
342 2952 433 3018 tonat,
456 2944 603 3005 humanus
625 2943 720 3004 tendit
741 2943 909 3022 despectos,
932 2943 968 3004 ad
991 2944 1083 3004 imum

197 3071 231 3125 ee
250 3056 362 3118 Oceani
383 3052 478 3131 magis
499 3060 672 3124 extremum,
695 3051 767 3112 mihi
789 3059 889 3112 tantus
911 3051 948 3110 ab
971 3051 1048 3116 isla,

249 3167 293 3227 Ad
314 3163 470 3226 Dominam
492 3167 649 3240 suspectus
672 3167 746 3222 erat.
790 3160 850 3221 Sed
871 3158 952 3220 nulla
974 3160 1101 3221 nocebat

249 3276 289 3339 Mi
310 3275 387 3336 ratio
410 3271 515 3352 spatii3
538 3288 635 3348 neque
657 3268 737 3329 enim
759 3271 796 3331 ad
818 3289 865 3330 me
887 3270 982 3332 forma
1005 3269 1133 3347 meabat,

248 3387 334 3448 Misia
356 3381 532 3463 interposito
555 3378 664 3442 medio.
709 3379 734 3440 0
756 3378 830 3440 mihi
852 3379 963 3440 semina
986 3380 1041 3452 dia,

248 3498 282 3559 in
306 3513 362 3576 qua
386 3511 455 3573 spes
476 3491 556 3570 viget
576 3490 631 3552 ista
655 3488 739 3560 mihi,
762 3488 810 3550 oui
832 3497 912 3550 tanta
935 3488 1038 3551 salutis

198 3621 233 3674 ιο
250 3607 326 3669 Cura
348 3621 431 3665 meae
453 3601 517 3675 fuit,
541 3608 573 3662 ul
595 3599 710 3661 sineres
734 3598 860 3662 claustra
883 3599 983 3660 infima
1006 3599 1058 3660 leti

250 3718 340 3795 Signa
362 3712 405 3774 tui
426 3718 547 3791 portare
567 3707 671 3789 pedis!
695 3708 774 3782 Quot
796 3717 965 3790 quantaque
988 3708 1065 3782 novi,

250 3827 332 3888 Haeo
352 3828 475 3902 aooepta
496 3831 563 3883 tuae
584 3819 684 3882 virtuti
706 3827 820 3893 nuncia,
843 3819 983 3898 bonoque

249 3934 373 4014 ingenio
394 3929 506 3994 refero!
528 3929 601 3992 Mihi
623 3947 708 3992 servo
730 3947 821 4008 posse
842 3927 952 3990 dedisti

250 4045 400 4108 Libertate
422 4041 490 4113 frui,
512 4039 678 4102 rationibus
699 4037 942 4117 memoriisque,

200 4167 234 4222 75
253 4154 344 4230 Queis
366 4150 432 4214 fieri
454 4151 483 4212 id
505 4159 620 4230 posset.
664 4149 726 4211 Tua
747 4147 905 4228 splendida
926 4149 1005 4212 dona
1026 4155 1119 4220 tuere,

252 4265 297 4338 m,
322 4281 408 4344 qoam
430 4269 464 4322 tu
484 4259 605 4333 sanasti,
629 4259 757 4322 animam
778 4259 815 4320 de
837 4237 963 4337 eorliore
983 4257 1095 4318 solvam

252 4375 392 4454 Dignam,
418 4390 492 4452 quae
514 4369 631 4451 placeat
651 4367 721 4430 tibi!
744 4401 787 4412 -—
808 4367 859 4429 Sio
881 4385 948 4434 sum
969 4385 1041 4429 voee
1063 4373 1213 4447 precatus.

253 4484 308 4546 Ast
329 4501 380 4558 ea,
405 4490 464 4544 [am
485 4481 574 4560 longe
595 4479 709 4542 distans
731 4477 805 4540 mihi
826 4477 899 4554 riso,
921 4477 1050 4556 benigne
