3214 5400
344 496 405 560 162
776 500 957 550 runulrunu
976 500 1024 550 uu.

405 717 614 790 ddsnmsisse,
636 716 710 779 licet
731 717 862 798 reliquas
884 736 994 780 novere
1017 736 1139 782 sorores

354 838 387 890 35
405 829 555 890 immunes
578 826 654 900 vitii,
677 833 707 888 et
729 834 851 889 cunctas
873 836 942 890 sunt
962 827 1020 889 rite
1043 828 1148 890 secuti.

449 940 554 998 lerum
578 937 603 998 si
627 936 687 998 scis
709 945 797 1016 atque
819 944 921 1017 potes,
945 937 1094 1016 quoddam
1115 955 1219 1001 exsere
1242 937 1330 1000 nobie

405 1048 566 1121 Indicium,
588 1055 622 1108 ut
644 1046 729 1108 detur
750 1046 954 1110 conscendere
976 1047 1132 1124 Purgatori

404 1156 448 1218 ld
471 1157 599 1236 primum
623 1155 709 1220 citius
731 1157 824 1234 magis
846 1165 914 1236 apto
937 1155 1177 1220 tramitelimen.

447 1266 527 1328 Nulli
550 1272 630 1328 certa
653 1264 774 1340 domus,
796 1266 968 1346 respoudit,
993 1273 1021 1330 et
1044 1265 1088 1326 ire
1110 1265 1234 1328 facultas

354 1386 388 1438 411
405 1377 458 1438 list
480 1377 546 1437 data
567 1375 609 1438 mi
630 1393 751 1437 sursum
772 1391 807 1438 ac
829 1374 922 1448 eirca,
946 1375 1111 1454 ductorque
1133 1383 1262 1456 paratus,
1297 1449 1301 1458 ⁵

407 1488 471 1559 Qua
492 1503 624 1564 possum,
648 1483 769 1546 accedo.
813 1484 872 1548 Sed
892 1484 954 1564 jam
976 1485 1189 1564 circumspice,
1212 1493 1244 1546 ut
1267 1485 1397 1560 umbrae,

405 1595 568 1658 inclinante
591 1594 652 1668 die,
676 1593 865 1668 incumbant,
889 1612 945 1656 nec
968 1594 1113 1658 scandere
1135 1603 1224 1658 noctu
1248 1603 1303 1660 est.

407 1706 506 1779 erare
528 1704 561 1766 lit
582 1704 660 1768 bona
683 1703 837 1766 suadentis
860 1705 1025 1769 consistere
1047 1704 1126 1768 belle

408 1814 531 1878 Consilii
553 1814 638 1876 ratio.
683 1813 768 1876 Stant
789 1814 890 1878 dextm
912 1815 943 1876 in
965 1822 1047 1894 parte
1068 1823 1201 1878 remotae

355 1931 390 1986 15
406 1925 483 1986 Hinc
505 1923 633 1996 animae,
656 1924 692 1986 ad
716 1942 839 2004 quarum
862 1924 949 1988 statrd
972 1933 1000 1986 te
1023 1924 1170 1988 adducere
1194 1923 1318 1998 coelum,

408 2033 440 2096 Si
463 2034 552 2106 sinis,
575 2041 664 2112 atque
686 2033 758 2094 istas
779 2033 859 2096 baud
880 2041 908 2096 te
932 2033 1051 2096 novisse
1073 2033 1195 2112 pigebit.

452 2143 510 2217 Qui
532 2139 587 2204 ut?
608 2161 788 2222 responsum
810 2151 864 2206 est
901 2144 982 2220 Ergo
1005 2144 1210 2210 conscendere
1232 2151 1367 2206 aventem

409 2255 505 2316 Noctu
525 2253 570 2314 vis
592 2252 690 2332 alique
711 2249 877 2332 impediet?
899 2253 951 2314 Vel
973 2253 1039 2326 liet,
1062 2261 1095 2315 ut
1116 2253 1173 2316 iste

408 2364 475 2424 Non
498 2359 608 2442 queat?
631 2395 671 2406 -
692 2362 842 2442 Etidigito
868 2362 965 2424 lriouit
986 2362 1083 2427 bonus
1105 2363 1335 2428 indicaturam

358 2481 392 2535 511
408 2474 596 2536 Soansucus.
639 2472 713 2534 llein
736 2472 796 2532 sic:
818 2472 959 2546 Adverte,
983 2472 1056 2534 baec
1078 2472 1157 2538 linea
1179 2473 1243 2536 sola

408 2583 493 2646 Haud
515 2582 570 2647 tibi
591 2589 660 2662 post
681 2581 794 2644 obitum
817 2582 890 2644 solis
913 2582 1090 2662 superabilis
1112 2591 1209 2658 essen

408 2694 476 2754 Non
499 2693 566 2772 quia
588 2692 750 2772 quidquam
772 2691 850 2754 aliud
873 2710 957 2755 ruore
979 2692 1017 2754 sit
1040 2692 1144 2756 odiosa
1166 2703 1269 2773 parato

410 2803 575 2875 Scandere,
599 2820 687 2882 quam
709 2801 812 2880 nigror
834 2801 945 2864 densae
968 2801 1093 2882 caligine
1114 2803 1233 2878 noctis;

408 2913 489 2974 llaec
511 2912 620 2974 trustra
642 2911 750 2974 adoixo
773 2918 876 2974 contra
898 2912 1029 2977 sordium
1050 2912 1182 2992 implicat
1203 2931 1303 2975 omne.

360 3032 393 3084 55
410 3021 478 3102 lpse
502 3021 636 3100 quidem,
660 3020 788 3101 stipante
810 3019 882 3094 ista,
905 3022 1089 3086 descendere
1112 3023 1213 3102 quires
1331 3047 1337 3058 ·

411 3133 529 3194 Circum
551 3140 581 3192 et
602 3130 757 3210 supposito
780 3131 902 3210 spatiari
923 3131 956 3192 in
978 3131 1054 3194 colle
1076 3132 1217 3210 vagando,

411 3243 485 3304 Dum
507 3258 614 3320 vesper
636 3240 745 3305 claudit
767 3240 870 3305 solem.
913 3241 1033 3305 llliratus
1055 3242 1092 3306 ad
1113 3242 1171 3304 ista

411 3352 486 3412 'l'nm
509 3350 583 3412 dux:
604 3350 683 3428 Ergo
705 3349 775 3412 illuc
797 3350 855 3412 duc
877 3369 949 3426 nos,
970 3351 1140 3430 respondit,
1164 3359 1193 3412 et
1214 3350 1274 3413 illic

411 3460 565 3524 Stantibus
588 3467 759 3532 occurrent,
783 3478 859 3538 quae
881 3479 937 3525 uns
958 3460 1068 3525 uidisse
1087 3460 1212 3541 jurabit.

360 3571 393 3622 6⁰
451 3570 514 3632 Noc
535 3570 640 3649 procul
661 3569 731 3632 inde
754 3569 873 3632 aberam
896 3570 1020 3633 comites
1042 3579 1112 3650 post
1135 3579 1215 3649 terga
1236 3578 1367 3644 secutus,

411 3681 485 3743 Cum
506 3679 579 3741 mihi
601 3697 687 3741 mons
710 3679 803 3742 minui
825 3686 872 3740 est
892 3679 989 3754 visus,
1013 3697 1072 3759 quc
1095 3698 1179 3744 ruore
1200 3679 1338 3748 residunt

411 3791 467 3850 llic
487 3789 589 3851 valles.
633 3788 721 3860 llluc,
745 3789 786 3853 ait
807 3788 857 3850 illa
878 3789 995 3862 anima,
1019 3789 1139 3864 ibimus,
1160 3788 1291 3870 amplum

412 3900 510 3962 Clivus
533 3898 584 3960 ubi
607 3896 752 3977 gremium
774 3897 933 3985 submittit,
956 3899 1058 3979 ibique
1080 3900 1229 3968 novellum

410 4009 548 4070 Proderit
569 4016 739 4087 exspectare
762 4008 850 4070 diem.
895 4009 976 4070 Situs
998 4009 1076 4072 inter
1096 4017 1264 4088 utrumque,

361 4118 567 4180 651lillroilem
590 4124 619 4179 et
639 4117 776 4196 planum,
799 4137 856 4180 nos
877 4117 961 4180 duxit
981 4120 1019 4182 ad
1041 4119 1133 4182 ardua
1154 4120 1238 4200 ripae

411 4227 445 4288 ln
466 4227 543 4289 latus
566 4227 705 4306 obliquus
728 4235 852 4301 names,
877 4247 935 4307 qus
957 4228 1058 4295 delicit
1078 4229 1170 4296 istum

411 4336 482 4398 Plus
505 4357 593 4416 qnam
615 4337 769 4406 dimidium
791 4335 884 4400 limbi.
927 4339 1024 4402 Massa
1046 4359 1147 4414 aurea,
1168 4339 1236 4418 puri

412 4447 532 4521 Argenti
555 4447 634 4508 nitor
656 4455 687 4518 et
708 4465 831 4510 coccum
852 4461 1049 4544 cerussaque,
1073 4448 1213 4530 quodque
