3282 5404
620 543 754 594 utuinisi
770 543 860 594 xxxii.

192 776 225 830 55
244 763 344 837 Quare
366 762 424 836 isti,
447 769 516 825 ante
537 753 616 826 diem
637 779 706 824 vera
729 781 779 843 qur
801 776 875 842 pace
897 762 1041 836 fruuntur,

241 872 349 934 Pluere
371 872 505 934 minnsrc
526 873 605 936 inter
624 891 658 934 se
681 872 828 934 excellunt
848 887 910 933 non
932 873 997 933 sine
1021 889 1135 934 caussa.

242 983 312 1057 Rex,
334 1001 390 1063 per
411 1001 500 1063 quem
522 981 553 1043 in
574 989 656 1044 tanto
677 989 784 1061 pausat
803 999 927 1060 regnum
950 981 1027 1042 istud
1049 979 1164 1056 amore,¹

242 1090 336 1173 Inque
357 1092 413 1154 bac
433 1091 552 1164 laetitia,
575 1109 632 1171 qua
653 1092 751 1172 maius
772 1091 853 1152 nulla
875 1091 984 1170 cupido

244 1202 412 1282 Quidquam
434 1201 521 1276 ausit,
544 1193 669 1275 mentes,
692 1209 725 1262 ut
742 1201 839 1262 visum
862 1208 916 1274 ost,
939 1209 1046 1280 sponte
1063 1209 1183 1263 creatas

193 1319 226 1374 td
244 1301 355 1375 Omnes
377 1301 519 1376 diuersae
533 1311 652 1373 donarit
672 1329 796 1373 munere
817 1309 907 1373 dotis.

242 1422 338 1502 Atque
360 1421 391 1482 id
413 1421 491 1484 scire
511 1429 558 1482 sat
579 1427 640 1494 est,
663 1421 744 1502 quod
765 1419 845 1481 clare
867 1427 969 1484 sancta
990 1420 1102 1481 notarit

243 1531 396 1611 Scriptura
418 1530 448 1591 in
471 1531 552 1592 foetu
575 1528 703 1608 gemino,
727 1545 814 1609 quem
835 1536 939 1591 ventre
961 1530 1092 1608 parentis

241 1639 393 1702 Inclusum
415 1640 537 1702 alternis
559 1647 759 1702 commoverat
778 1639 907 1718 impetus
927 1639 999 1700 irae.

244 1751 343 1824 Quare
365 1757 455 1831 prout
474 1751 605 1830 praefert
625 1769 661 1811 ea
682 1747 775 1828 gratia
797 1749 892 1828 prima
915 1748 1044 1810 colorem

193 1869 227 1924 da
244 1859 352 1934 Crinis,
375 1859 418 1922 ita
440 1867 470 1920 ct
491 1859 611 1937 dignum
634 1866 689 1933 est,
711 1866 745 1920 ut
765 1858 815 1920 lux
837 1857 980 1920 altissima
1003 1868 1115 1920 sertum

243 1970 299 2033 bet
320 1969 419 2048 capiti.
462 1969 528 2030 Non
549 1968 609 2030 nlla
630 1968 721 2048 igitur
742 1967 879 2030 mercede
901 1985 1023 2030 suorum
1157 1967 1161 1974 '

243 2081 359 2142 Morum
380 2085 459 2141 stant
479 2078 538 2158 ipsi
560 2078 677 2140 diversa
697 2079 728 2139 in
750 2077 821 2139 sede
844 2073 995 2156 gradatim,

244 2189 352 2269 Niique
374 2189 405 2250 in
427 2188 466 2250 iis
489 2189 596 2262 differt,
618 2188 678 2250 uisi
700 2189 827 2268 primum
850 2183 961 2264 gratiae
983 2205 1117 2248 acumen.

246 2300 318 2362 Cum
340 2299 398 2360 vita
420 2298 523 2379 cnlpae
544 2297 677 2370 immuni,
701 2298 773 2359 satis
795 2313 862 2358 esse
885 2295 972 2358 saluti

194 2422 228 2474 70
247 2407 452 2489 Temporibus
465 2414 582 2488 poterat
602 2407 708 2488 primis
730 2407 762 2468 in
784 2407 874 2469 corde
895 2413 1050 2487 parentum

245 2519 322 2581 Vera
343 2519 418 2580 fides
439 2525 564 2579 tantum.
609 2517 668 2578 Sed
689 2525 849 2596 postquam
871 2515 989 2577 saecula
1011 2516 1107 2595 prima

245 2626 408 2708 Explcrunt
427 2636 524 2688 certos
545 2626 688 2689 revolutis
710 2624 832 2686 orbibus
855 2643 959 2698 annos,

246 2738 283 2799 Ut
302 2737 412 2818 plumis
433 2737 559 2798 marium
581 2735 720 2798 innocuis
742 2735 814 2798 satis
835 2743 903 2815 apta
924 2735 1043 2798 daretur

249 2848 355 2920 Virtus,
377 2847 434 2908 hos
456 2847 553 2908 fuerat
574 2845 797 2908 circumcidisse
818 2863 954 2907 necasse

196 2973 230 3028 75
246 2958 300 3019 Ast
320 2955 372 3019 ubi
394 2953 537 3035 corripuit
558 2955 710 3018 decretum
731 2956 823 3034 gratia
846 2971 973 3028 cursum,

249 3066 307 3139 Qui
329 3065 394 3127 sine
415 3066 548 3145 perfecto
572 3065 682 3126 Christi
704 3063 879 3142 baptismate
903 3063 994 3124 obivit
1049 3069 1055 3085 '

248 3176 358 3255 Culpae
379 3175 485 3236 inso'ns
507 3173 656 3254 propriae,
679 3173 796 3234 inferno
819 3173 901 3232 stetit
922 3170 995 3232 orbe
1016 3179 1159 3234 retentus.

289 3285 418 3366 Adspice
436 3285 499 3365 jam
518 3283 633 3354 faciem,
658 3295 736 3362 qnao'
754 3281 821 3362 plus
844 3281 962 3343 Christo
984 3299 1052 3342 esse
1073 3281 1193 3344 ridetur

247 3395 416 3470 Adsimilis3
439 3413 508 3456 nam
530 3393 594 3454 seia
615 3390 698 3452 dabit
719 3389 773 3452 tibi
796 3407 918 3452 cernere
940 3388 1089 3452 Christum
1186 3413 1189 3422 ·

141 3487 143 3492 ’
197 3521 231 3574 80
248 3505 334 3578 Quae.
351 3505 400 3565 iun
421 3504 491 3567 inde
513 3503 588 3564 fluit.
610 3533 652 3546 -—
674 3503 772 3581 Super
791 3501 869 3562 hano
891 3500 1073 3562 descendere
1095 3507 1203 3562 tanum

247 3615 313 3676 Vim
335 3614 422 3694 gaudi
442 3613 512 3686 vidi,
536 3628 611 3692 quae
633 3610 783 3672 mentibus
806 3609 975 3674 insinuabat
1173 3597 1177 3616 '

247 3725 424 3786 Discurrens
446 3723 556 3784 sanctis
578 3739 701 3800 regnum
723 3721 782 3780 hoc
803 3720 932 3782 sublime
952 3718 1060 3780 creatis

246 3833 429 3896 Pervolitare
450 3831 540 3906 ultro,
561 3839 594 3893 ut
616 3830 815 3912 qpodounqnc
836 3829 911 3891 mihi
933 3837 1001 3890 ante
1026 3829 1102 3891 tueri

247 3944 306 4006 Fas
328 3944 432 4016 fuerat,
456 3959 608 4022 nunquam
629 3948 709 4004 tanto
730 3957 798 4000 mea
820 3939 911 4002 corda
933 3947 1055 4018 stupore

198 4069 232 4124 35
248 4053 367 4126 dixerit,
390 4058 439 4113 aut
459 4058 574 4112 tantum
595 4049 687 4112 divini
709 4050 873 4112 ostenderit
883 4049 965 4110 oris.
1172 4024 1175 4032 ¹

251 4163 368 4242 Quique
389 4160 460 4223 illuc
481 4159 636 4221 descendit
657 4177 741 4221 amor
760 4159 851 4239 prior,
873 4159 940 4238 ipse
962 4159 1096 4222 canendo

251 4271 392 4334 Carmen:
414 4269 484 4342 doc,
508 4263 632 4330 Morio!
654 4276 684 4330 ct
705 4286 781 4349 quac
803 4269 963 4348 quondam.
975 4277 1091 4332 caetera
1108 4268 1214 4350 jussus

250 4361 379 4454 Dixerat,
401 4377 540 4460 ex‘ponsis
554 4385 629 4441 ante
651 4378 732 4440 iliam
752 4377 868 4440 restitit¹
881 4377 948 4441 aiis.
980 4379 983 4387 ’

250 4490 386 4570 Undique
409 4488 540 4553 divinum
561 4489 602 4552 ad
619 4504 739 4551 carnion
761 4488 849 4550 turba
867 4487 919 4550 ilia
939 4488 1023 4551 beata
