3362 5414
789 526 960 582 retemta.

344 714 472 811 junctio
505 723 615 790 tantae
655 711 838 788 sententiae
871 711 1041 808 amictn*l
1082 712 1242 810 populari.
1310 712 1421 810 lnquit
1433 713 1492 806 aa)

351 833 441 906 enim
475 832 529 907 ille
569 831 794 928 respondens:
839 829 1078 905 rationabiliter
1118 841 1206 906 certe
1248 830 1417 928 pensaris;
1460 843 1494 904 et

348 975 451 1049 quum
477 975 496 1022 a
521 950 684 1048 principio
712 950 850 1027 coelitus
876 949 1017 1026 tortasse
1032 971 1146 1022 semen
1162 947 1310 1025 iniustmv
1324 949 1359 1020 in
1378 948 1492 1044 hujus·

346 1069 436 1144 modi
450 1067 655 1166 propositum
671 1068 1013 1163 germinaretvoeom
1038 1067 1081 1140 ad
1106 1067 1282 1164 haeum)
1309 1067 1491 1162 legitimam

348 1187 530 1286 praeelegi3
557 1210 619 1262 nec
641 1197 768 1260 motum
794 1187 972 1283 praeelegi,
1000 1186 1182 1284 quinimmo
1209 1185 1382 1282 cumipse
1399 1210 1492 1260 more
1549 1257 1550 1262 ,

348 1307 445 1382 solito
473 1305 638 1402 poetando¹
663 1305 812 1401 incoepi:

442 1424 548 1490 Ultima
570 1441 661 1504 regna
685 1431 789 1488 canam
810 1422 921 1489 lluvido
944 1421 1128 1486 contermina
1149 1422 1272 1496 mundo,

441 1525 605 1606 Spiritibus
627 1543 703 1606 quae
724 1524 783 1588 lata
805 1531 915 1606 patent,
939 1542 1014 1603 quae
1036 1523 1169 1604 praemia
1191 1523 1311 1588 solvunt

440 1627 499 1688 Pro
521 1622 636 1688 meritis
660 1624 881 1712 cuicumquep
904 1623 978 1686 suis.

347 1728 413 1802 Sed
441 1752 542 1827 quum
569 1728 754 1824 praesentis
787 1725 855 1798 aevi
893 1725 1116 1800 conditionem
1150 1725 1385 1824 rependerem,
1424 1727 1489 1800 vidi

347 1858 463 1920 cantus
502 1846 680 1920 illustrium
713 1855 885 1946 poetarum
919 1843 1012 1944 quasi
1054 1867 1113 1942 pro
1147 1844 1250 1916 nilvilo
1285 1869 1360 1918 esse
1402 1844 1490 1941 abje-

347 1971 508 2060 ctos††),
536 1975 570 2040 et
595 1965 659 2038 boe
685 1989 763 2037 aevo
776 1963 868 2059 †††)
896 1963 1050 2058 generosi
1078 1961 1241 2055 homines,
1268 1962 1388 2060 quibus
1417 1965 1490 2037 talia

346 2083 477 2156 meliori
504 2093 653 2182 tempore
679 2082 929 2176 scribebantur,
955 2081 1110 2156 liberales
1138 2091 1244 2174 artcS,
1272 2081 1355 2180 prolv
1384 2083 1489 2174 dolor,

348 2203 504 2274 dimisere
531 2202 679 2299 plebejis.
720 2201 859 2299 Propter
885 2201 973 2299 quod
998 2199 1146 2296 lprulem,
1174 2225 1238 2300 qua
1265 2200 1370 2276 lretus
1387 2225 1488 2296 eram,

348 2320 506 2416 deposui,
533 2320 629 2394 aliam
654 2345 854 2419 praeparans
888 2319 1138 2394 convenientem
1172 2319 1326 2392 sensibus
1359 2321 1489 2394 moder·

346 2463 485 2510 norum:
518 2439 641 2514 frustra
675 2439 763 2511 enim
800 2437 988 2514 mandibilis
1015 2437 1108 2510 cibus
1134 2438 1175 2510 ad
1209 2462 1266 2509 ora
1299 2438 1490 2514 lactentium

348 2557 549 2632 admovetur.

242 2674 362 2770 Verba,
390 2675 509 2776 quibus
535 2675 765 2790 boccalius
792 2673 880 2746 binis
906 2674 988 2750 locis
1015 2675 1154 2747 eandem
1180 2699 1251 2747 rem
1278 2674 1391 2768 relert,
1420 2687 1487 2749 tam

245 2805 357 2868 exacte
391 2796 590 2870 conveniunt
625 2794 805 2867 narrationi
831 2792 1041 2885 Hilarianae,
1068 2791 1120 2866 ut'
1138 2793 1276 2868 alterum
1309 2795 1350 2866 ab
1384 2795 1487 2868 altero

247 2939 322 2986 esse
359 2913 559 3010 exscriptum
600 2913 742 2987 dubitari
775 2901 929 3012 nequeat.
995 2911 1043 2984 lta
1077 2912 1166 2984 enim
1198 2913 1233 2988 in
1272 2913 1337 2988 vita
1369 2925 1487 3012 poetae

245 3035 333 3130 (cap.
362 3033 419 3106 14.
445 3057 477 3133 p.
504 3032 565 3110 92.
592 3035 652 3114 93.
679 3033 757 3105 edit.
785 3030 1054 3128 Gambanael:

312 3268 337 3332 *l
355 3271 382 3320 ln
401 3269 483 3320 codice
501 3269 587 3332 legitur
605 3257 701 3331 baliolo,
727 3283 780 3318 cum
798 3268 901 3330 lineola,
920 3270 987 3334 qnasi
1006 3269 1190 3318 abbreviationis
1209 3264 1393 3404 signalum
1411 3272 1420 3319 l
1437 3277 1486 3319 tra-

1325 3353 1331 3404 l

241 3360 312 3421 joela.
349 3356 416 3407 llanc
439 3355 493 3406 libri
517 3355 660 3420 scriptorem
684 3355 929 3418 proxime.serntus,
958 3354 998 3418 qui
1023 3368 1100 3416 anper
1124 3353 1250 3417 epistolam
1335 3369 1378 3416 pse
1403 3355 1486 3406 codiee

243 3440 423 3491 accuratissime
450 3440 537 3502 edidit,
562 3439 733 3492 celeberrimus
751 3440 865 3492 ldutius
883 3439 935 3499 (Tre
953 3441 1047 3504 epistole
1065 3439 1136 3488 lutiae
1161 3439 1186 3488 di
1209 3439 1236 3490 n.
1255 3439 1375 3502 Alipbieri.
1419 3441 1485 3490 Proto

244 3525 318 3575 1845.
336 3541 360 3589 p.
378 3524 420 3584 40)
447 3523 511 3574 dedit
535 3525 640 3574 amicalo.
685 3517 840 3574 Retinendam
866 3530 944 3572 tamen
968 3530 1025 3586 puto
1050 3521 1189 3571 facillimam
1208 3523 1353 3586 Dionysii
1372 3525 1486 3575 emenda-

243 3611 341 3663 tionem·

310 3689 351 3752 **)
368 3691 395 3742 lo
412 3693 475 3758 quid,
495 3691 560 3754 qvvod
577 3689 632 3758 (per
649 3706 696 3741 non
715 3691 811 3742 dubiam
830 3689 1040 3752 abbreviationem)
1059 3698 1095 3740 ost
1113 3691 1136 3740 io
1154 3691 1246 3753 codice,
1263 3692 1287 3742 in
1306 3699 1370 3743 teuta
1388 3693 1486 3744 retinuit

244 3777 373 3829 ldntins.
409 3774 484 3822 Etiam
503 3777 563 3836 enim
580 3775 612 3836 (ei
629 3789 682 3824 cnm
701 3775 762 3822 linea
781 3773 943 3840 superposita)
961 3775 1052 3824 videtur
1070 3785 1216 3839 suspectum.

310 3857 367 3919 m)
385 3859 451 3908 llano
475 3860 563 3909 codicis
592 3859 736 3924 scripturam
765 3859 836 3920 (leo)
862 3859 1000 3908 deserentes
1024 3859 1128 3909 editores
1153 3861 1312 3924 Dionysio
1336 3862 1484 3912 recentiores

243 3946 362 4003 dederunt
379 3947 430 3996 lvoe·
878 4017 881 4024 Ι

310 4028 341 4092 †)
359 4028 527 4078 Reccatius
546 4028 569 4076 in
588 4028 759 4078 commentario
777 4028 825 4078 niv.
845 4028 912 4078 Com.
929 4036 1057 4094 utcumque.

310 4107 364 4178 ††)
383 4113 462 4162 codex
479 4115 586 4176 objectos.

310 4195 386 4261 †††l
406 4196 484 4246 Codex
502 4199 524 4247 io
544 4212 596 4246 cunr
616 4196 704 4246 lineola
722 4198 891 4262 superposita,
910 4199 973 4263 qnod
992 4197 1105 4250 ttutius
1124 4201 1202 4250 vninns
1221 4207 1285 4250 recte
1303 4216 1346 4265 per
1364 4204 1408 4252 imo
1427 4201 1484 4263 (boc

234 4286 307 4353 ,enim
329 4281 426 4332 verbnm
448 4297 499 4346 ymo
523 4281 628 4331 scribere
650 4281 713 4332 solet
736 4282 897 4341 amanuensis)
921 4284 1090 4348 interpretatus
1114 4293 1164 4345 est,
1188 4301 1261 4350 quum
1285 4288 1316 4336 sit
1339 4287 1483 4338 abbreviatio

243 4369 306 4420 verbi
324 4369 384 4418 ideo.
421 4366 468 4415 Sed
488 4381 516 4415 ne
535 4366 581 4414 bec
600 4367 696 4430 quidem
722 4374 802 4430 potest
827 4368 930 4417 delendi.
974 4368 1073 4419 Consilio
1099 4370 1207 4420 inserunt
1231 4372 1403 4438 Dionysius
1431 4373 1484 4434 (boo

243 4452 351 4511 coasilio)
374 4457 397 4499 et
423 4451 520 4513 Tropa
545 4451 597 4511 (loc
616 4453 666 4516 ipso
691 4449 813 4514 covasilio),
842 4454 906 4518 qnod
924 4455 986 4504 unde
1005 4455 1135 4515 hauserint,
1155 4457 1243 4508 nescio.
1288 4458 1400 4512 Nostram
1419 4464 1483 4508 certe

243 4537 433 4587 emendationem
451 4535 532 4586 sensui
552 4535 689 4602 codicisque
706 4537 839 4602 scripturae
858 4539 932 4606 magle
951 4538 1077 4590 convenire
1095 4542 1221 4593 concedes.
