3236 5394
557 559 752 609 intendendo
770 559 846 611 xxtx.

206 779 358 858 Inceptum
381 776 518 838 evolvens
540 794 718 856 responsum
740 789 828 858 atque
850 779 974 859 insuper
994 781 1125 844 addens:

204 888 287 949 lllam
309 887 387 948 intra
409 888 539 959 foveam,
564 887 699 949 consulto
723 887 773 948 ubi
795 890 851 949 lixa
872 890 1013 952 tenebam

204 997 346 1070 Lumina,
368 997 440 1057 [lere
462 1014 529 1056 meo
553 1013 622 1057 reor
643 996 778 1057 umbram
800 999 943 1076 sanguine
967 1007 1077 1061 cretam

206 1107 351 1178 Crimina,
376 1107 452 1196 apud
476 1124 579 1166 manes
602 1105 676 1166 adeo
700 1107 866 1167 constantia
887 1127 1005 1188 magno.

157 1221 189 1271 2⁰
248 1216 322 1276 'lum
345 1216 452 1277 doctor
475 1225 594 1275 contra:
617 1215 661 1276 Ne
683 1216 810 1294 posthac
832 1236 920 1278 sensa
942 1227 1082 1298 tuamque

205 1327 233 1387 ls
256 1327 372 1403 frangat
392 1336 540 1398 mentem3
563 1331 652 1403 atque
675 1324 749 1386 alias
772 1325 828 1386 sub
850 1334 972 1406 pectore
995 1345 1081 1390 curas

203 1437 268 1497 Jam
290 1453 392 1506 versa3
414 1434 464 1494 hic
485 1453 541 1513 per
563 1443 591 1495 te
612 1434 702 1495 liceat
722 1453 877 1498 remanere
901 1437 1028 1516 sepulto.

203 1546 336 1624 Namque
357 1543 441 1604 illum
461 1543 523 1604 ridi
546 1544 674 1622 graviter
695 1545 751 1606 sob
772 1539 863 1625 ponte
885 1546 1057 1622 minantem,

203 1657 245 1715 Ac
268 1663 296 1714 te
318 1651 484 1732 signantem
508 1652 616 1730 digito,
640 1653 796 1733 audivique
818 1665 955 1717 vocatum

156 1768 187 1820 ab
202 1764 257 1825 llic
280 1763 360 1824 intus
382 1763 498 1823 Gemuit
519 1781 576 1822 nen
599 1763 701 1824 Bnuno
724 1764 845 1824 nomine
866 1763 1022 1828 Hetrusco.

205 1874 262 1938 Sed
286 1873 336 1953 qui
359 1874 548 1933 Annnronrrs
568 1873 720 1954 ‚quondam
742 1875 919 1952 possederat
941 1893 1048 1949 arcem,

205 1984 254 2045 Sic
276 1982 331 2044 tibi
354 1981 479 2043 detinuit
502 1991 647 2055 mentem,
672 1990 705 2044 ut
727 1982 872 2044 divertere
894 1984 960 2046 visu

203 2093 275 2155 lnde
299 2091 352 2153 tibi
375 2091 453 2152 baud
476 2091 580 2163 luerit3
603 2109 695 2171 quare
714 2092 777 2172 jam
799 2104 933 2154 evaserat
953 2093 1013 2154 ille.

245 2203 284 2264 Mi
306 2202 378 2274 dur,
401 2220 483 2260 mors
504 2200 634 2274 violens,
657 2203 784 2262 ultorem
806 2211 892 2264 nacta
914 2221 970 2265 nec
991 2203 1094 2276 ullum,

155 2324 187 2374 3⁰
205 2313 262 2386 Qui
285 2312 376 2373 fuerit
395 2310 499 2391 probri
523 2328 668 2384 consors,
690 2311 731 2372 ita
754 2310 836 2372 abire
859 2314 1035 2375 trementem

204 2421 402 2501 compulerit,
426 2420 503 2495 dixi3
527 2439 618 2499 quare
640 2420 704 2495 ille,
727 2429 760 2482 ut
781 2421 871 2482 corde
893 2421 1002 2497 voluto,

203 2531 358 2604 Excessit,
380 2529 461 2592 nulla
483 2530 604 2608 dignum
628 2530 677 2609 qui
699 2549 772 2593 voce
794 2550 918 2593 vocarer

204 2644 338 2714 [lucens3
361 2639 451 2720 idque
473 2639 567 2718 magis
589 2639 781 2702 miserantem
803 2640 983 2722 indignaque
1005 2643 1124 2705 flentem

203 2751 299 2833 Hujus
322 2751 381 2811 lata
402 2759 509 2811 movet.
534 2783 573 2793 -
595 2750 773 2812 Sermonum
794 2751 850 2812 bac
872 2770 928 2812 nos
950 2753 1014 2815 rice
1036 2754 1164 2834 primum

157 2866 187 2919 35
204 2861 345 2922 Venimus
368 2861 404 2922 ad
428 2860 532 2921 callem
554 2860 686 2940 scopuli,
711 2861 761 2940 qui
784 2879 819 2921 er
839 2861 950 2924 vertice
971 2871 1118 2926 monstrat

204 2971 333 3032 Alterius
355 2969 440 3030 vallis
463 2970 591 3050 spatium
615 2976 709 3032 totum
730 2971 862 3050 undique
885 2971 921 3032 ab
943 2972 1014 3044 imo,

204 3082 237 3143 Si
260 3082 357 3162 major
378 3078 468 3141 suerit
489 3079 653 3159 speculanti
679 3080 765 3160 copia
787 3080 872 3142 lucis.

245 3192 371 3253 Ventum
381 3189 433 3250 nbi
455 3189 650 3268 bulgarum
673 3199 719 3252 est
735 3197 886 3270 postrema
898 3190 934 3251 ad
947 3189 1075 3254 claustra
1093 3193 1268 3254 malarum

204 3301 269 3374 Sic,
293 3309 325 3362 ut
347 3300 531 3361 alumnorum
554 3299 627 3360 mihi
646 3299 708 3381 jam
732 3317 875 3378 apparere
897 3301 1008 3376 figurae

155 3415 187 3468 to
203 3411 348 3482 Possent,
371 3409 489 3471 diverso
512 3409 656 3471 ferierunt
677 3427 826 3470 murmure
849 3421 971 3488 questus

204 3522 264 3582 Cor
284 3519 374 3593 mihi,
397 3539 472 3599 quos
492 3519 589 3599 pietas
612 3519 680 3580 telis
703 3527 831 3580 armarat
852 3519 964 3580 acutis:

205 3632 304 3705 Quare
326 3647 413 3691 aures
436 3629 573 3690 manibus
596 3628 753 3709 properavi
775 3627 913 3690 claudere
934 3629 1079 3710 utrisque.

205 3739 324 3815 Qualis,
348 3739 374 3800 si
397 3738 493 3819 spatio
515 3741 616 3800 lossac
637 3739 817 3817 glomeretur
837 3739 868 3799 in
890 3758 960 3814 uno,

206 3849 359 3928 Quidquid
382 3849 413 3909 in
435 3867 592 3926 aegrorum
613 3848 754 3927 hospitiis
776 3849 861 3928 pigra
883 3857 987 3928 stagna
1010 3850 1150 3913 Cloninae

155 3965 187 4019 45
203 3959 310 4031 Vallis,
334 3977 400 4019 cum
423 3966 540 4020 arentes
562 3975 648 4036 agros
670 3959 731 4021 Leo
754 3957 849 4019 tristis
871 3959 990 4034 hiulcat,

203 4073 262 4132 Aut
284 4087 350 4130 cum
372 4068 462 4129 Libra
483 4068 564 4128 rlces
586 4077 707 4149 aequat,
731 4067 874 4149 quidquid
896 4069 987 4130 maris
1011 4087 1062 4131 ore

204 4180 375 4259 lmportuna
398 4181 512 4251 Senae,
535 4177 679 4258 quidquid
703 4178 816 4242 Sardoa
837 4178 982 4240 malornm

203 4287 316 4350 Morbis
338 4289 416 4348 foeta
440 4287 531 4366 gerit,
554 4287 641 4349 dolor
662 4289 782 4362 afforet3
804 4289 936 4368 undique
958 4288 1026 4350 talis

203 4397 359 4469 limeret,
384 4417 418 4458 ac
440 4397 508 4458 talis
531 4415 564 4458 sc
585 4397 656 4458 binc
677 4396 787 4459 halitus
810 4398 990 4472 effundebat,

156 4513 188 4566 50
205 4507 330 4581 Qualem
351 4498 483 4569 membra
505 4508 607 4568 balant
627 4506 766 4568 diuturna
788 4508 907 4587 putrida
929 4508 1006 4570 tabe.
