3282 5404
624 543 757 595 rennuis!
775 545 878 596 xxxin.

149 641 250 648 -n-ou.
257 639 387 648 .-..---—--
392 639 508 647 --———-

190 775 239 830 125
255 763 317 838 llla,
339 771 421 826 tuam
443 781 518 842 quae
540 762 611 854 olim
632 763 733 838 morit,
756 781 823 824 cum
843 781 940 844 prona
960 765 1074 827 ruinam

255 873 381 954 Jamjam
403 871 575 951 spectabant
596 879 646 933 tun
666 872 778 936 lumina
800 874 903 936 temita
924 883 1069 938 monstro.
1195 923 1198 930 .

299 983 358 1044 Sed
382 982 449 1062 quia
470 989 588 1062 tempus
610 981 672 1044 abit
693 983 799 1056 somni,
821 983 873 1044 hic
892 983 965 1068 milri
988 984 1117 1066 denique
1138 987 1207 1048 linis

133 1141 136 1184 p
254 1092 390 1164 Haereat,
414 1099 534 1171 experto
556 1099 589 1153 ut
610 1093 716 1158 sartori
739 1092 848 1154 ducere
871 1100 951 1154 certo

132 1185 136 1283 l
254 1202 353 1264 Vestis
376 1221 461 1282 opus,
485 1202 555 1263 dum
577 1202 747 1282 suppeditat
767 1202 825 1266 sibi
847 1203 933 1282 copia
955 1203 1057 1283 panni.

132 1290 136 1392 l
189 1321 239 1375 13⁰
255 1311 351 1392 litque
372 1311 466 1374 aciem
488 1311 525 1373 ad
546 1312 674 1392 primum
695 1330 753 1373 nos
775 1320 981 1374 convertemus
1001 1312 1141 1378 Amorem

132 1393 135 1482 l
255 1422 316 1496 Sic,
337 1429 371 1482 nt
392 1421 561 1500 suspiciens
583 1420 675 1494 illum,
698 1429 732 1482 nt
752 1421 811 1484 lert
830 1429 929 1484 vestro
950 1422 1084 1498 facultas,

254 1531 369 1593 Lumen
390 1531 421 1592 in
444 1529 540 1610 ipsius
561 1538 712 1609 penetres.
755 1530 818 1592 Neo
839 1531 916 1593 forte
938 1549 1071 1607 recuses,

254 1641 330 1703 Dum
351 1659 465 1720 pennas
487 1639 591 1719 agitas,
612 1647 693 1701 ratus
714 1639 792 1702 ultra
812 1642 935 1702 tendere
957 1661 1055 1715 cursu,

255 1749 308 1811 Est
330 1768 416 1829 opus,
439 1757 472 1810 ut
493 1749 615 1814 studeas
636 1748 690 1814 tibi
714 1765 802 1828 opem
823 1751 984 1830 impetrare
1004 1752 1166 1832 precando,

189 1866 238 1921 135
254 1859 412 1921 Exorando
434 1859 524 1934 illam,
547 1877 622 1938 qnae
640 1865 669 1921 te
691 1858 796 1920 virtute
814 1859 917 1940 juvare

255 1969 349 2048 Larga
369 1976 477 2049 potest,
501 1975 531 2030 et
552 1968 641 2032 cordo
663 1975 713 2029 tuo
735 1987 801 2030 moa
823 1969 901 2031 dicta
923 1970 1059 2050 sequaris

255 2079 314 2152 Sic,
336 2086 536 2158 utnusquam
559 2077 648 2140 abeas
670 2077 778 2152 animo,
801 2078 871 2142 dum
893 2078 964 2141 talia
982 2097 1099 2160 pang03

254 2187 350 2268 litque
371 2205 494 2268 precem
515 2187 594 2250 hano
615 2197 747 2250 sanctam
768 2188 935 2252 diffundere
956 2198 1078 2268 pectore
1101 2190 1210 2270 eoepit.

715 2449 862 2533 xxxin.

297 2624 398 2706 Virgo,
420 2626 463 2688 tui
486 2625 574 2688 simul
596 2634 625 2689 st
646 2627 773 2706 genitrix
794 2635 823 2689 at
844 2627 905 2690 filie
926 2627 997 2703 nati,

256 2737 353 2800 Corde
374 2736 505 2812 humilis,
528 2735 615 2797 simul
638 2737 695 2799 alta
717 2756 810 2818 super
830 2755 924 2815 genus
946 2755 1034 2801 omne
1056 2749 1196 2813 creatum,

256 2846 381 2909 Consilii
403 2847 515 2910 aeterni
538 2854 619 2909 stans
640 2845 782 2912 termine!
806 2847 851 2909 'lu
873 2847 924 2909 illa
945 2847 1037 2922 fuisti,

255 2955 290 3018 ln
313 2964 424 3019 tanturn
445 2965 581 3019 naturam
602 2957 758 3020 honrinum
780 2975 856 3036 quae
876 2957 957 3019 vexit
975 2957 1131 3030 honorem,

221 3066 352 3148 diluJus
373 3074 407 3127 ut
428 3067 493 3145 ipse
515 3066 615 3145 opifer
636 3083 698 3125 non
720 3064 896 3142 dedignatus
919 3065 1041 3145 abipsa

255 3175 330 3238 Esse
353 3194 429 3256 opus
451 3174 482 3234 in
504 3174 591 3235 terris
614 3173 711 3235 luerit.
754 3173 806 3234 Vis
826 3174 901 3235 arsit
921 3177 1031 3237 amoris

254 3288 392 3348 Ventrem
415 3285 549 3361 ingressa
571 3290 663 3356 tuum,
687 3282 773 3363 cujus
795 3283 878 3344 calor
898 3283 991 3346 edidit
1011 3285 1100 3367 hujus

254 3393 353 3457 moris
375 3394 406 3455 in
428 3401 547 3456 aeterna
569 3409 690 3471 germen
712 3392 847 3454 mirabile
868 3413 952 3473 pace.

256 3505 299 3566 Tu
323 3503 411 3566 nobis
433 3502 523 3564 isthic
544 3499 636 3564 medii
658 3519 713 3582 pro
735 3501 802 3564 luce
824 3503 884 3565 diei

206 3623 240 3676 lo
256 3615 316 3678 Fax
337 3621 457 3676 sanotae
479 3631 512 3675 es
534 3614 676 3686 dammae,
700 3613 841 3676 deorsum
861 3613 1037 3676 mortalibus
1059 3616 1155 3692 aegris

256 3727 334 3805 Spes
355 3725 438 3785 fonte
460 3741 496 3785 ex
516 3723 592 3784 viro.
636 3721 688 3784 Sic
707 3722 791 3801 virgo
813 3741 847 3784 es
867 3740 971 3801 magna
993 3731 1170 3805 potensque,

255 3835 301 3909 Ut,
324 3834 374 3914 qui
397 3841 463 3912 eget
484 3831 593 3906 auxilii,
616 3832 648 3894 in
669 3831 759 3894 robus
781 3851 838 3894 nec
859 3834 993 3910 confugit
1014 3835 1103 3896 arctis

254 3944 299 4006 Ad
320 3951 359 4018 te,
382 3943 461 4005 idem
482 3942 549 4022 ipsa
569 3941 639 4004 velit
661 3961 714 4004 sna
733 3949 802 4008 rota
823 3944 922 4006 volare
944 3944 1010 4006 sina
1032 3943 1098 4006 alis.

254 4053 320 4116 Non
342 4053 431 4115 modo
453 4052 589 4132 poscenti
611 4052 750 4116 auxilinm
771 4060 820 4115 tua
842 4070 914 4116 cura
932 4053 1059 4132 benigna

206 4167 238 4222 15
256 4163 417 4238 Succurrit,
441 4162 494 4224 sed
517 4180 605 4241 saepe
627 4179 732 4242 preces
754 4162 838 4242 prior
859 4171 988 4244 occupat
1007 4164 1096 4226 ultro.

255 4273 290 4337 ln
311 4281 340 4336 te
363 4292 415 4336 cor
436 4272 593 4345 miserans,
615 4272 647 4333 in
668 4280 697 4334 te
718 4273 786 4353 pins
808 4273 906 4348 ardor,
929 4283 959 4336 et
979 4274 1078 4353 ample

255 4383 442 4464 llagnificum
463 4382 614 4462 ingenium
636 4382 795 4457 concurrit,
818 4391 849 4445 et
868 4401 926 4445 una
947 4393 1085 4463 receptas

253 4494 410 4575 ¹Quidquid
432 4492 542 4573 ubique
562 4492 634 4554 boni
656 4499 704 4554 ast
724 4491 755 4553 in
776 4509 812 4555 re
832 4511 1009 4574 quacunque
1030 4502 1136 4558 creata.
