3236 5394
94 549 99 860 ί
563 598 755 650 rnrxauonuu
773 599 860 650 xxxu.
1208 598 1267 662 123

208 820 314 899 Lapsi‚
338 827 368 881 et
389 819 484 880 adbuc
506 835 624 880 murum
646 817 740 879 direxi
762 818 873 878 lumina
894 819 930 880 ad
953 819 1059 880 altum:

208 930 367 1008 Pimplea,
390 937 424 990 ut
444 927 575 1000 incedis,
599 927 697 989 subito
719 928 792 989 baec
812 945 868 988 vox
889 929 970 990 venit
991 930 1026 990 ad
1049 947 1144 1002 aures,

158 1047 191 1098 2⁰
208 1040 288 1100 Neve
311 1047 399 1117 caput
420 1039 545 1099 fratrum
566 1038 745 1100 miserorum
766 1044 887 1116 protere
909 1038 1027 1116 plantis.

211 1150 308 1222 Quare
332 1166 385 1226 ego
407 1148 541 1226 respexi,
565 1155 653 1226 atque
675 1147 778 1208 oculos
802 1165 868 1208 sese
891 1146 997 1208 obtulit
1019 1157 1095 1222 ante,

210 1258 272 1320 Sub
294 1257 481 1338 pedibusque
503 1258 586 1318 lacus
607 1256 701 1333 glacie
724 1265 881 1319 concretus
904 1257 1001 1330 inerti,

209 1369 306 1430 Durus
328 1369 383 1440 ita,
407 1375 439 1428 ut
459 1367 526 1428 vitri
547 1367 663 1446 potius,
689 1385 776 1445 quam
797 1366 895 1427 mollis
917 1367 1014 1445 imago

209 1478 299 1538 Esset
320 1496 423 1555 aquae.
466 1477 533 1537 Non
555 1477 599 1538 sie
621 1477 713 1538 denso
735 1476 879 1538 velamine
901 1493 1020 1538 cursum

161 1591 193 1644 25
210 1589 288 1649 Ister
309 1587 452 1660 contexit,
477 1587 527 1665 qui
548 1587 776 1666 praeterlabitur
797 1601 899 1663 agmm

208 1696 412 1768 Ambiacum,
435 1703 485 1757 aut
507 1696 615 1757 Tanais
636 1695 725 1774 rigidi
747 1692 802 1756 sub
826 1695 924 1757 sidere
945 1697 1031 1768 coeli,

210 1806 247 1867 Ut
267 1807 350 1867 lacus
372 1806 422 1868 bic
443 1805 549 1866 stabat.
595 1806 681 1879 Quod
703 1806 729 1867 si
752 1805 883 1884 collapsa
905 1807 1020 1867 ruinam

208 1917 295 1978 Vasta
317 1916 507 1989 Tabernieoi‚
531 1923 581 1978 aut
602 1916 786 1994 Petrapanae
808 1915 941 1994 pondere
963 1923 1026 1976 toto

210 2026 363 2087 Traxisset
384 2025 494 2099 moles,
518 2025 597 2086 baud
618 2024 711 2086 ullum
734 2025 847 2104 sponda
871 2025 1005 2087 dedisset

161 2148 193 2199 30
210 2135 271 2198 Sub
295 2155 365 2198 casu
388 2136 542 2215 crepitum.
586 2135 739 2196 devoluti
761 2142 820 2196 stat
839 2153 911 2196 rana
933 2153 1059 2197 coaxans

210 2247 295 2308 Rictu
318 2255 398 2307 extra
421 2257 572 2322 stagnum,
596 2263 663 2306 eum
684 2245 767 2322 virgo
789 2246 899 2306 mstica
923 2263 1011 2324 saepe

212 2356 347 2418 Somniat
367 2356 397 2417 in
420 2355 512 2417 sulcis
534 2375 568 2416 se
590 2355 688 2434 spicas
710 2356 754 2416 ire
776 2355 933 2433 legentem,

211 2465 336 2529 Stabant
356 2465 495 2538 liventes,
519 2465 710 2538 illactenus,
732 2464 811 2526 unda
833 2465 956 2543 pudoris

211 2576 363 2654 Apparent
384 2575 482 2652 signa,
505 2575 535 2635 in
558 2575 662 2652 gelidis
684 2572 881 2652 stringoribus
904 2575 999 2636 amnis

162 2691 193 2744 ³5
211 2685 337 2746 Umbrae
361 2691 529 2746 extenuatae
551 2683 646 2757 luctu,
670 2683 833 2763 dentesque
856 2682 974 2746 ciebant

211 2795 358 2857 Contlictu
379 2795 410 2855 in
432 2811 603 2867 numerum,
627 2801 661 2854 ut
680 2795 838 2872 peregrina
861 2794 976 2855 ciconia
998 2802 1137 2856 rostrum.

210 2905 328 2966 Vultum
351 2921 486 2984 quaeque
508 2921 595 2965 suum
616 2903 726 2980 ligabat
746 2921 832 2964 versa
855 2903 1010 2965 deorsum:

209 3015 358 3092 Angorem
381 3031 430 3087 os,
454 3030 507 3075 cor
529 3014 613 3076 triste
636 3012 714 3074 oculi
736 3021 891 3075 testantur.
935 3015 972 3075 tt
994 3011 1091 3075 omnia

210 3126 246 3187 Ut
269 3124 480 3202 circumspexi,
504 3123 609 3184 demisi
630 3122 742 3184 lumina
764 3139 911 3201 quaerens

160 3252 194 3304 40
210 3235 355 3297 Interiora
376 3233 451 3294 meis
474 3233 597 3312 plantis,
621 3220 837 3311 simulacraque
859 3232 917 3293 vidi

213 3346 298 3407 Stare
321 3344 379 3406 duo
403 3344 447 3404 sic
466 3343 568 3423 juncta
590 3342 662 3416 sibi,
686 3359 877 3420 connexaque
899 3342 939 3403 ita
962 3348 1050 3412 arcte,

210 3457 247 3517 Ut
270 3453 357 3516 simul
380 3454 529 3519 immistus
552 3453 657 3531 capitis
678 3452 757 3532 pilus
780 3458 860 3514 esset
881 3452 1008 3530 utrique.

253 3565 278 3626 0
300 3583 369 3637 vos,
394 3564 443 3643 qui
467 3564 602 3643 premitis
625 3564 669 3624 sic
690 3570 812 3642 pectora
833 3569 951 3634 mutuo,
975 3561 1042 3633 dixi,

211 3676 269 3748 Qui
291 3695 359 3747 vos,
383 3681 412 3735 et
434 3673 583 3752 quodnam
605 3669 722 3750 genus?
743 3707 784 3716 -—
806 3671 851 3733 llli
873 3673 994 3732 flectere
1017 3669 1093 3731 colla

160 3794 193 3847 to
210 3786 244 3847 ln
265 3804 314 3846 me
337 3783 461 3845 sublatis
483 3781 588 3844 oeulis.
633 3781 708 3842 Tum
729 3779 830 3843 mollia
850 3781 979 3861 primurn

210 3894 234 3954 Α
255 3893 385 3956 lacrimis
408 3894 503 3965 intus,
527 3893 675 3954 fluxerunt
696 3891 807 3953 lumina
829 3893 918 3970 guttis

209 4004 306 4066 Labra
329 4022 435 4081 supra,
457 4011 488 4078 at
508 4003 618 4078 glacies
640 4001 706 4064 illas
729 4002 848 4064 oculum
870 4003 947 4062 inter
968 4008 1125 4079 utrumque

209 4113 332 4192 Frigore
356 4120 510 4174 concretas
533 4111 702 4186 adstrinxit,
726 4119 755 4172 et
777 4112 853 4173 ostia
874 4112 957 4173 usus

211 4223 355 4284 Ocelusit.
399 4221 556 4302 Nunquam
578 4222 623 4282 sic
645 4221 726 4299 ligno
749 4221 906 4284 adnectere
928 4221 1040 4297 lignum

160 4338 194 4392 50
209 4332 243 4393 vt
266 4331 395 4394 subscus
417 4329 516 4393 valuit.
562 4331 659 4404 Quare
681 4331 712 4392 bi
735 4349 768 4392 se
791 4333 887 4392 fronte
909 4330 1051 4411 petebant

210 4441 341 4504 Adversa
364 4441 498 4514 alternis,
521 4441 673 4504 hircorum
695 4456 778 4501 more
801 4442 936 4514 duomm,

212 4550 305 4614 Tanta
326 4552 371 4613 ira
392 4552 449 4612 bos
471 4551 549 4614 vicit.
593 4551 782 4624 Tamucus,
807 4551 854 4612 cai
876 4550 969 4629 trigas
991 4559 1131 4631 utrasque
