3362 5414
1134 503 1443 512 --——-—-.-..—.
1451 506 1471 512 --
1477 507 1539 516 ——q

347 557 390 624 28
790 557 985 610 rurnauoanu
1002 557 1051 609 vu.
1432 529 1437 544 “
1538 544 1541 616 l

296 655 526 666 W-
721 654 798 662 -——
1233 617 1541 666 ml

413 780 540 841 Pectora
563 793 638 860 quae
659 779 787 842 misnont
809 788 909 854 motu3
931 794 1001 842 nam
1023 778 1122 841 divitis
1145 779 1209 840 anri

364 910 397 962 ap
416 888 569 968 Quidquid
591 889 691 950 inesse
714 897 814 969 potest
833 890 921 952 lunae
943 889 999 951 sub
1021 888 1149 962 lumine,
1172 889 1318 968 quidquid

414 1000 472 1060 Aut
493 998 563 1073 luit,
587 1017 622 1060 ox
643 998 711 1060 istis
732 1014 838 1071 unam,
862 1017 938 1079 quaa
960 999 1040 1062 lassa
1061 998 1163 1082 laboro

415 1107 523 1169 Umbra
546 1108 650 1186 gemit,
673 1107 797 1170 minima
818 1108 897 1170 haud
919 1116 1024 1188 posset
1044 1107 1156 1170 donaro
1179 1109 1288 1188 quiete.

416 1217 491 1279 'lum
513 1217 558 1278 sia
580 1217 752 1296 aggredior:
775 1217 848 1279 lllhi
871 1217 920 1280 dio
942 1233 1077 1298 quoqne,
1101 1235 1169 1280 aare
1191 1216 1342 1296 magister,

414 1328 469 1390 nic
490 1327 580 1390 mihi:
602 1328 744 1390 Fnaroru
764 1327 854 1400 haee,
878 1328 964 1410 eujus
985 1326 1160 1392 meminisse
1180 1327 1305 1400 videris,
1658 1407 1659 1424 ἵ

365 1437 565 1510 mouidnam
587 1447 646 1511 est,
668 1455 744 1518 quse
766 1438 987 1500 omnebonum
1009 1437 1181 1501 mundisio
1202 1437 1338 1516 possidet
1359 1435 1442 1500 una?
1540 1405 1542 1439 ¹
1658 1445 1659 1452 ’

416 1546 441 1608 0
463 1556 579 1610 mentes
601 1547 756 1610 hominum
778 1545 899 1609 stnltasl
923 1547 968 1610 sie
989 1547 1097 1628 insipit
1118 1547 1178 1620 illa,

417 1657 533 1730 Quanta
556 1657 666 1738 promit
687 1655 839 1736 laeditque
859 1655 977 1720 animos
999 1655 1120 1720 inentia
1141 1656 1259 1720 mum!

414 1767 500 1832 Nune
521 1765 607 1828 avide
628 1766 756 1848 arripias
777 1766 900 1839 vellem,
923 1785 1000 1846 quae
1020 1775 1145 1846 pectore
1168 1767 1268 1830 tundo.

414 1877 458 1951 la,
483 1877 568 1958 eujus
591 1875 698 1940 transit
718 1883 843 1938 sunotos
865 1869 1013 1958 sapientia
1034 1877 1120 1950 linas,

292 2049 294 2058 Α
364 2006 398 2058 70
413 1986 537 2048 Effinait
558 1985 676 2060 noelos,
699 1986 892 2072 duotoreset
913 1985 997 2049 dedit
1017 1986 1088 2058 illis,

414 2097 452 2158 Ut
472 2115 543 2177 pars
567 2115 702 2176 quaeque
724 2096 831 2158 horum
855 2095 1047 2176 splendorem
1069 2097 1204 2160 etlirndat
1224 2095 1343 2176 ubique,

413 2205 602 2269 Distribuens
625 2223 721 2286 aeque
741 2205 885 2268 radiantis
907 2205 1023 2270 semina
1044 2205 1130 2268 laneis

414 2316 480 2378 Non
503 2335 591 2378 senus
612 2315 752 2382 humanis
773 2315 986 2396 splendoribus
1008 2315 1059 2378 ille
1080 2315 1258 2390 ministram,

414 2426 510 2506 Atque
532 2427 638 2490 ducem
660 2425 791 2490 insuunt
811 2425 974 2504 generatim
997 2433 1103 2488 cuneta
1125 2433 1303 2500 moventem,

365 2549 398 2604 75
416 2536 514 2610 Quae,
539 2555 605 2598 eum
627 2543 746 2616 tempus
769 2535 842 2608 erit,
863 2536 943 2598 bona
964 2534 1065 2598 inania
1086 2544 1272 2615 permutaret

415 2647 549 2724 ugente
571 2645 607 2708 ad
629 2653 763 2723 gentem,
786 2657 875 2726 atque
898 2645 936 2708 ab
957 2645 1072 2725 origine
1094 2645 1250 2725 sanguinis·
1270 2665 1331 2708 nna

292 2771 294 2794 ²
415 2755 585 2832 Deductura
607 2754 682 2828 alio,
704 2755 884 2836 prudentum
906 2774 982 2818 vana
1003 2754 1136 2818 vunnim

292 2921 294 2949 ,
417 2865 530 2928 (innata
552 2865 687 2928 eludens.
733 2865 834 2940 Quare
855 2885 935 2928 nuno
957 2865 1087 2946 imperat
1107 2865 1175 2938 ista,

292 3014 294 3062 ἱ
415 2975 514 3038 Altera
537 2993 610 3054 gens
631 2974 767 3055 languet,
790 2984 881 3056 prout
902 2983 961 3038 stat
982 2975 1131 3040 sentmtia
1153 2975 1230 3038 tanti

292 3067 294 3179 s
365 3098 399 3150 8⁰
413 3085 543 3157 ludicii,
567 3085 647 3165 quod
669 3085 777 3166 auique
797 3087 886 3159 latet,
909 3086 989 3149 velut
1010 3085 1118 3162 anguis
1140 3085 1171 3146 in
1194 3084 1296 3146 herba.

415 3194 622 3276 Nequidquam
644 3195 741 3258 obniti
762 3205 867 3259 annua
890 3195 1037 3275 sapientia
1061 3203 1159 3258 vestra

292 3357 295 3398 ἰ
417 3305 593 3380 centenum
614 3323 744 3387 namque
765 3285 924 3384 invigilans
946 3325 981 3368 ea
1004 3305 1156 3384 providet,
1180 3285 1283 3386 atquo

292 3399 294 3408 ¹
415 3415 548 3487 Jndioal,
573 3414 791 3497 imperiumque
813 3435 904 3478 suurn
923 3426 954 3478 et
975 3414 1034 3478 sibi
1057 3415 1170 3478 eredita
1192 3433 1284 3494 regna

415 3526 611 3605 Persequitur
632 3543 737 3588 secura
759 3525 902 3598 altorum,
924 3543 1009 3586 more
1030 3527 1161 3588 Deorum

366 3643 400 3697 85
416 3635 483 3697 Non
504 3636 580 3697 haee
600 3634 751 3696 mutandis
773 3635 824 3696 dat
845 3653 969 3715 pansam
992 3635 1124 3698 sortibus
1147 3635 1253 3698 ullam:
1371 3646 1376 3656 ’

418 3745 540 3807 Ordinis
564 3742 677 3806 aeterni
699 3746 746 3806 lex
768 3745 845 3806 hano
864 3745 951 3826 jubet
972 3744 1016 3807 ire
1039 3745 1131 3808 altato

418 3856 522 3918 Cursu.
565 3855 609 3916 lta
632 3874 722 3935 saepe
743 3854 838 3927 venit,
862 3874 938 3916 nora
960 3854 1011 3934 qai
1034 3855 1156 3917 festinat
1176 3854 1284 3934 apisei.

418 3965 500 4027 llaec
521 3964 571 4027 illa
592 3974 653 4038 est,
674 3964 760 4028 nurki
782 3983 871 4045 quarn
892 3965 970 4026 adeo
991 3971 1191 4044 torquentque
1212 3971 1420 4044 premuntque,

419 4075 663 4155 Criminibusqne
680 4074 861 4156 probrisque
883 4082 1009 4136 onerant
1028 4074 1072 4136 nil
1094 4074 1152 4135 lale
1173 4082 1346 4147 merentem,

367 4203 402 4254 ao
420 4185 513 4259 Quoia
535 4185 636 4266 potins
658 4185 807 4248 laudanda
828 4185 915 4246 loret.
958 4186 1068 4246 Verum
1088 4183 1139 4246 illa
1160 4184 1247 4254 beata

419 4295 468 4357 Nil
491 4295 588 4358 audit:
611 4296 728 4376 reliquo
750 4295 839 4356 mista
862 4293 980 4372 agmine
1003 4293 1229 4366 Coelicolarum,

419 4407 510 4468 Laeta
533 4421 618 4467 suam
639 4405 730 4468 volvit
751 4404 925 4486 sphaeram,
947 4405 1114 4483 gaudetque
1136 4403 1233 4466 beau.

420 4517 551 4596 Tempus
573 4515 650 4578 inire
672 4514 752 4578 alind
774 4531 862 4593 mapa
882 4513 1072 4578 lamentabile
1095 4530 1221 4592 regnum
1541 4451 1545 4724 ἒ
