3362 5414
335 573 374 640 16
775 573 968 628 mssuuotttttt
985 575 1021 628 tv.

400 793 500 876 lpsius
523 793 680 858 alteriusve
701 791 833 856 hominis
854 795 977 869 merito,
1001 795 1091 876 inque
1112 794 1209 858 beatis

207 959 212 972 ,
349 909 384 964 dd
400 905 510 968 Postea
532 903 669 968 conciliis
690 899 793 966 sedit?
813 935 856 950 -
878 903 963 968 Tunc
983 905 1050 978 ille,
1072 905 1221 987 loquelam

402 1013 567 1077 Obscuram
587 1020 620 1075 ut
641 1012 750 1087 sensit,
772 1012 899 1093 placido
914 1014 960 1076 sic
981 1033 1033 1076 ore
1055 1015 1205 1094 prolator:

400 1124 503 1188 incolo
524 1123 621 1186 adbuc
641 1141 736 1186 novus
757 1123 808 1185 hic
829 1123 965 1198 odorum,
988 1143 1055 1187 cum
1076 1123 1189 1188 intrms
1209 1131 1362 1206 potentem

401 1234 511 1314 Aspexi
532 1233 689 1314 quemdam
711 1240 876 1312 gestantem
898 1233 982 1314 signa
1004 1234 1159 1315 triumphi.

401 1343 478 1407 llinc
498 1342 634 1407 umbram
654 1342 745 1424 primi
766 1343 793 1406 is
807 1343 903 1406 traxit
922 1343 1082 1422 genitoris,
1106 1352 1137 1408 et
1157 1345 1239 1407 Acen

351 1463 384 1518 55
400 1453 463 1516 Isto
485 1461 676 1534 prognatam,
700 1451 769 1516 dein
790 1471 858 1516 cum
878 1454 1054 1516 Ltuscsme
1074 1454 1219 1528 blesense·

401 1563 440 1625 Et
459 1562 571 1644 populo
593 1562 751 1642 dorcium
773 1581 828 1624 suo
850 1575 881 1626 et
901 1581 1008 1644 parere
1029 1571 1181 1644 paratum

401 1674 645 1754 demersusque
666 1681 797 1753 patrem,
821 1681 851 1736 et
871 1673 1006 1736 llsmusrs
1027 1681 1147 1755 sceptra
1167 1681 1336 1754 gerentem

401 1783 526 1855 lemen,
548 1780 691 1864 illiusque
712 1789 842 1862 patrem,
864 1789 1011 1864 uetusque
1032 1783 1255 1866 Ruunmersque

401 1893 545 1966 Uxorem,
566 1909 623 1973 pro
646 1909 704 1972 qua
725 1891 831 1971 longos
852 1891 921 1955 tulit
941 1891 992 1954 ille
1013 1891 1149 1966 laboresr

351 2009 386 2062 tt
401 2003 498 2084 Atque
520 2001 596 2064 alios
618 2017 743 2064 numero
764 2000 890 2075 multos,
912 2001 1042 2083 fecitque
1063 2001 1178 2064 beatos.

401 2113 464 2175 Nec
484 2129 547 2174 uon
567 2111 598 2174 id
619 2128 729 2174 moneo
751 2118 797 2184 te,
820 2118 972 2174 aeternam
993 2111 1118 2176 eradere
1139 2119 1267 2176 mortem

402 2221 482 2284 Nulli
503 2239 635 2302 unquam
657 2229 726 2284 ante
747 2219 816 2282 illos
836 2219 973 2294 licuisse,
996 2221 1115 2302 fruique
1136 2221 1242 2284 solute.

401 2333 465 2394 Nec
486 2340 585 2394 tamon
607 2331 651 2394 irc
672 2331 766 2411 pedes
788 2330 961 2405 cessabant,
984 2331 1064 2394 laute
1084 2339 1183 2412 poem,

401 2441 441 2504 Et
460 2441 571 2504 Silvam
592 2440 790 2520 ingredimur,
813 2439 924 2502 Silvam
945 2447 991 2502 tot
1009 2441 1155 2516 millibus,
1177 2441 1309 2523 inquam,

353 2552 387 2607 85
403 2551 523 2616 Umbris
544 2553 735 2615 confertam.⁴
762 2549 839 2612 Hinc
861 2567 878 2612 a
899 2569 1016 2612 summo
1038 2550 1166 2614 culmine
1187 2552 1272 2632 ripae

402 2661 470 2725 Non
492 2670 550 2725 tum
574 2661 677 2724 aberat
697 2677 833 2739 gressus,
856 2678 924 2723 cum
945 2658 1006 2722 ridi
1028 2660 1181 2724 albescere
1202 2663 1359 2736 dammam,

404 2771 488 2846 Quae
510 2771 593 2834 coeci
614 2770 706 2834 voluit
727 2769 886 2833 semiorbis
907 2769 1026 2834 vincere
1047 2777 1177 2836 uocum.

402 2882 466 2948 Nec
488 2889 602 2944 tautum
623 2881 766 2944 intererat
786 2880 892 2960 spatii,
914 2888 948 2944 ut
969 2899 1030 2944 non
1051 2880 1169 2944 discere
1190 2901 1321 2963 possem,

405 2992 517 3055 Saltem
537 3009 574 3054 ex
594 2999 680 3072 parte
700 2990 816 3072 aliqua,
840 2998 971 3070 gentem,
996 3009 1071 3071 quae
1091 2990 1230 3072 possidet
1248 2992 1315 3056 illas

354 3102 388 3154 ⁷⁰
405 3101 518 3177 Sedes,
542 3100 713 3182 conspicuis
734 3100 901 3164 clarescere
920 3099 1086 3163 honoribus
1108 3108 1234 3164 auctam.
1265 3109 1267 3114 ’

357 3223 362 3233 ·
449 3211 475 3274 0
497 3219 544 3286 tn,
571 3211 652 3274 unde
672 3210 839 3291 omnigenis
861 3210 1007 3274 doctrinis
1027 3210 1110 3273 veuit
1128 3210 1280 3287 honestas,

405 3321 526 3384 Artibus
548 3339 637 3384 omne
658 3321 764 3396 decus,
789 3339 935 3402 quaenam
955 3322 1031 3384 baec
1051 3338 1125 3399 gans
1146 3321 1303 3402 splendida
1324 3331 1405 3386 tanta

405 3432 582 3504 Nobilitate,
605 3430 672 3494 aliis
695 3431 742 3494 cui
765 3432 810 3494 las
832 3439 986 3512 praestaro
1006 3430 1124 3512 lruique

303 3549 307 3570 ¹
407 3541 586 3606 conditione
608 3538 690 3604 alia?
710 3577 754 3588 -
778 3541 855 3604 'l'um
877 3542 923 3604 sio
943 3541 995 3605 ille
1017 3560 1070 3604 oro
1092 3542 1229 3630 resolvit:

356 3660 389 3714 75
407 3651 524 3714 Grande
545 3652 652 3714 borum
674 3668 799 3724 nomen,
823 3651 903 3730 quod
924 3659 1055 3714 vestrum
1076 3660 1220 3731 personat
1240 3653 1352 3728 orbem,

406 3761 520 3836 Efficit,
543 3769 577 3824 ut
597 3759 706 3842 Superi
727 3760 782 3823 bos
804 3761 857 3823 tali
879 3760 1038 3841 dignentur
1056 3762 1182 3824 bonore.

449 3871 566 3934 interea
588 3871 688 3934 subito
710 3870 860 3933 unanimis
881 3871 955 3933 mihi
977 3872 1071 3936 fertur
1091 3873 1130 3936 od
1152 3890 1240 3936 aures

407 3982 469 4044 Vox
492 4001 543 4045 ea:
566 3981 602 4043 ln
624 3981 800 4062 obsequium
823 3999 939 4044 summo
962 3982 1132 4062 consurgite
1154 3983 1224 4059 vati,

406 4091 491 4154 Illius
512 4091 618 4154 umbra
639 4091 732 4164 rodit,
756 4109 833 4173 quae
854 4109 888 4153 se
909 4091 959 4154 bis
981 4091 1162 4156 subduxerat
1183 4093 1255 4156 oris.

357 4211 392 4266 8⁰
407 4201 446 4264 Ut
466 4219 523 4262 ror
544 4201 703 4276 conticuit,
725 4201 786 4265 ridi
809 4193 879 4264 mcc
901 4203 1023 4267 undere
1044 4210 1148 4266 contm

321 4363 326 4374 .
409 4311 556 4384 Quattuor
576 4303 757 4394 aspectuque
778 4319 808 4374 ct
829 4313 925 4375 lorum
946 4313 1082 4393 corporis
1103 4313 1234 4388 umbras

407 4422 571 4501 Augustas,
593 4422 654 4486 illis
675 4441 732 4487 nec
754 4430 818 4484 orat
838 4424 923 4486 frons
944 4423 1035 4498 laeta,
1059 4441 1117 4486 nee
1136 4423 1197 4486 ulla

409 4530 563 4595 Tristities
584 4533 700 4612 signata
721 4540 801 4595 nota.
844 4532 881 4594 At
902 4533 961 4596 dux
981 4534 1112 4616 optimus
1134 4534 1247 4616 inquit:

1522 2139 1526 2236 l
