3236 5394
572 582 766 636 torentotwtt
783 586 829 637 XL

700 869 770 954 Xll.

249 1023 334 1084 Nune
355 1040 431 1084 nom
451 1039 615 1102 poenarum
635 1021 754 1101 species
775 1021 916 1098 dicende,
938 1041 1064 1105 meoque

208 1131 361 1206 Materies,
383 1140 503 1212 praeter
523 1131 571 1194 bie
592 1139 709 1212 reptem
729 1140 760 1193 et
780 1131 911 1211 quinque
932 1133 1077 1208 labores,-

206 1240 387 1303 lnvenienele
407 1239 493 1321 operi
515 1247 575 1313 est,
597 1240 686 1321 hujus
707 1241 870 1320 primordie
892 1250 997 1304 centus

207 1350 283 1412 Dum
304 1361 387 1424 texe,
409 1367 579 1412 memorent
600 1369 677 1429 ques
698 1349 801 1412 dicunt
821 1351 942 1413 nomine
963 1370 1091 1415 merece

177 1475 192 1530 e
249 1459 409 1522 Reclueum
429 1459 529 1522 loeeee
550 1459 674 1522 tontum
695 1459 885 1539 speculabor,
906 1461 939 1522 in
960 1460 1012 1524 illo

98 1551 100 1582 ¹
209 1568 319 1643 Totus,
342 1567 463 1630 solliciti
485 1568 536 1650 qni
557 1569 644 1632 lletue
665 1569 761 1632 imbre
782 1569 930 1633 medebet„

208 1680 302 1758 Atque
324 1677 374 1738 bic
395 1677 426 1740 in
448 1695 550 1758 gyrum
571 1678 752 1759 pervellem
773 1678 912 1742 incedere
933 1697 1049 1759 menn.
1096 1655 1099 1662 Δ

210 1787 275 1860 Quo
297 1787 361 1851 bini
384 1787 428 1848 irc
450 1788 563 1862 solent,
586 1788 637 1869 qui
658 1807 768 1852 nemen
788 1807 861 1850 voce
884 1807 991 1852 canore

210 1897 385 1960 Sanctorum
405 1904 557 1977 repetunt,
579 1897 649 1978 pegi
669 1898 741 1960 dorm
762 1898 893 1978 compita
914 1898 1051 1972 lustrent,

164 2020 193 2070 ιο
208 2004 316 2087 Asperi
337 2006 455 2086 plebem
475 2007 596 2071 tncitem
614 2007 815 2088 lacrimasque
838 2007 976 2071 cientem.

210 2117 246 2178 Ut
266 2116 355 2195 poulo
377 2116 501 2180 inierim
524 2117 624 2197 coepit
644 2118 827 2181 descendere
848 2117 940 2188 usne.

208 2225 291 2288 lliris
313 2244 365 2286 ore
387 2226 485 2287 modis
508 2226 601 2290 cuivis
623 2225 740 2289 inversa
761 2226 899 2289 videbam

208 2337 353 2398 lmento
376 2336 413 2398 ed
434 2343 554 2415 pectem,
577 2338 718 2400 sinuosus
738 2336 791 2398 ubi
814 2335 921 2416 incipit
941 2337 1016 2398 erto

209 2447 373 2509 Costemm.
415 2445 492 2508 Nem
513 2457 616 2508 omnen
638 2448 675 2509 ed
696 2465 785 2509 renes
807 2465 859 2508 ore
878 2453 991 2508 retorto

164 2555 386 2628 moerebant,
410 2563 440 2617 et
460 2563 525 2618 eret
545 2555 672 2636 pedibus
692 2555 740 2618 rie
762 2555 869 2637 cuique
891 2555 1012 2618 terendo

208 2664 414 2743 Retrogradie,
436 2664 633 2756 nequeenim
654 2665 754 2746 posite
775 2674 844 2729 ente
865 2665 965 2728 videre
987 2665 1121 2731 (labetur.

209 2775 241 2837 vi
263 2774 361 2838 morbi
381 2774 518 2854 quidem,
540 2774 639 2836 nervis
659 2775 788 2838 lortesee
808 2775 925 2849 solutis,

207 2886 360 2947 Inversum
381 2904 414 2946 se
436 2885 481 2948 eie
502 2903 519 2948 e
539 2891 662 2966 pectore
683 2885 781 2960 norit3
801 2893 835 2947 et
853 2885 933 2948 iemd

208 2993 292 3056 lleud
313 2993 445 3073 unquam
466 2993 540 3066 vicli,
564 3002 594 3056 et
613 3013 765 3075 nunquam
787 2994 922 3058 evenisse
943 3003 1089 3075 putarem

96 3080 98 3170 l
160 3115 192 3168 n
251 3103 282 3165 st
306 3103 358 3166 too
381 3104 454 3166 rene
473 3103 597 3184 septo,
619 3104 661 3166 mo
682 3105 791 3178 recor,
813 3121 936 3184 arpen
958 3105 1086 3168 imnum

95 3177 98 3311 i
207 3211 271 3275 Iloc
293 3232 384 3294 opere
406 3231 443 3276 ex
462 3223 582 3288 nostro,
604 3233 659 3295 per
679 3224 709 3278 te
730 3213 820 3277 modo
841 3220 941 3276 mente
961 3212 1069 3286 voluta,

95 3316 99 3467 Ι
209 3324 366 3397 Quomodo
389 3341 443 3402 ego
465 3324 522 3385 itte
544 3323 629 3402 genis
651 3323 816 3403 potuissem
837 3341 960 3384 cernere
981 3319 1083 3394 eiecit,

209 3434 281 3496 Cum
303 3451 398 3513 prope
419 3440 521 3496 nostre
542 3432 616 3496 mihi
638 3432 683 3495 eie
704 3440 781 3494 torte
803 3431 933 3494 occurrit
952 3432 1059 3510 imago,

95 3470 98 3617 ,i
209 3543 246 3605 Ut
267 3561 343 3623 quec
365 3543 439 3606 rime
460 3551 546 3605 netes
568 3542 727 3614 interfluit,
750 3561 845 3621 usque
866 3541 1007 3613 mederet,

95 3646 97 3742 ξ
160 3659 191 3713 tt
209 3652 363 3714 Gutterum
386 3651 523 3714 emittens
544 3651 639 3714 oeulis
659 3650 883 3716 lacrimantibus
902 3650 1040 3713 imbrem.

94 3745 96 3808 l
207 3762 276 3842 lpse
298 3761 426 3841 quidem
439 3761 562 3834 flebam,
585 3761 760 3824 incumbens
783 3761 819 3822 dc
842 3760 977 3824 centibus
998 3759 1060 3833 emi,

94 3809 96 3945 i
210 3872 293 3944 Quae
317 3871 393 3932 duro·
413 3871 545 3934 cretebet
567 3871 706 3951 scopulo,
729 3889 797 3934 cum
818 3870 910 3933 lerier
930 3870 996 3934 iniit

93 4002 95 4013 ¹
207 3982 271 4044 Dux
293 3979 350 4041 ite:
374 3980 417 4042 Te
438 3981 552 4061 periter
571 3980 729 4044 stultorum
750 3980 787 4042 de
807 3997 897 4058 grege
917 3979 1041 4044 stultum

93 4096 95 4109 '
207 4086 383 4152 Inveniam?
403 4089 460 4154 flie
481 4090 592 4171 pieton,
616 4091 667 4154 ubi
689 4090 729 4152 sit
749 4090 825 4154 bene
845 4096 977 4162 merline,
997 4088 1079 4152 vivit.

92 4187 94 4228 ⁵
158 4211 191 4263 tu
206 4199 318 4280 Ecqui·
340 4198 496 4262 habendus
517 4200 575 4262 erit
595 4199 713 4262 mortali
734 4199 862 4279 nequior
882 4198 944 4272 illo,

91 4302 94 4393 ᾗ
208 4310 282 4384 Qui,
304 4327 381 4389 quac
400 4309 486 4390 jueee
508 4311 570 4373 Dee
593 4317 673 4372 etant
689 4309 806 4390 judice,
827 4308 957 4376 sustinet
977 4304 1088 4386 eegrel

91 4430 93 4483 t
205 4419 310 4498 Arrige
332 4427 537 4500 concocunt,
560 4419 657 4498 arrige
680 4427 710 4482 et
732 4420 849 4499 aspice,
872 4429 950 4484 terre
973 4416 1132 4482 debieccoe

90 4496 93 4539 ¹
208 4528 303 4602 Quem
327 4529 476 4608 quondm
497 4528 666 4610 absorpsit,
689 4511 791 4594 'rbem
812 4528 1017 4610 importune,
1038 4525 1162 4606 euinque
