3236 5394
557 573 747 624 ιιιιιιιιιιοιιιιιι
766 576 829 624 ιιι.
1234 577 1273 637 97

96 2890 99 3114 l

96 3115 98 3238 ι

580 661 1323 680 ᾑ-ψ-ψῌ--α--κ-η-Α

211 788 336 867 Aspice,
359 808 415 876 ¹nec
437 791 525 852 duc
515 811 594 871 jam,
617 811 673 852 nec
695 792 821 892 simplex
843 811 909 852 esse
932 793 1051 853 videris.

211 899 318 959 Forma
341 866 447 978 duplex
471 901 578 980 capitis
596 902 659 981 jam
682 903 777 962 lomna
800 913 932 962 evaserat
956 923 1022 976 una,

163 1018 193 1068 65
210 1005 283 1067 Bina
305 1009 465 1086 figurarum
488 1029 555 1070 curn
578 1028 678 1070 curam
700 1011 789 1070 mixta
812 1017 920 1070 stetere

210 1117 272 1177 Una
295 1117 350 1178 sub
374 1117 466 1190 lacie,
491 1120 646 1200 quaejam
670 1119 766 1199 prima
790 1139 840 1180 cra
862 1120 986 1180 ducrum

211 1205 395 1287 Perdiderat.
440 1229 504 1289 Vidi
528 1229 662 1306 geminus
685 1229 764 1290 exire
787 1229 915 1290 lacertos

211 1336 386 1409 Quattuor
378 1356 409 1396 ιιι
431 1348 545 1416 partes3
569 1340 697 1410 l‚em0ra
721 1349 838 1399 etcum
861 1347 982 1418 pectore
1004 1349 1144 1414 ventrem,

209 1446 247 1506 Et
268 1465 353 1506 suras
375 1446 440 1506 lieri
463 1466 537 1526 quae
560 1467 710 1528 nunquam
733 1457 801 1510 nota
826 1449 908 1510 luere

163 1565 194 1615 70
210 1555 339 1616 llemhra
363 1557 450 1616 cculc
472 1558 612 1629 humanu.
658 1557 759 1620 Deleta
782 1557 823 1617 ibi
847 1558 972 1636 pristina
995 1559 1088 1621 lorma

212 1665 315 1726 Omnis
338 1674 414 1726 erat·
408 1685 576 1745 ,perversa
599 1668 673 1728 duos
696 1669 745 1728 rel
731 1667 873 1728 l’erebat
865 1685 972 1746 imago,

210 1776 304 1854 Atque
327 1795 417 1836 unum
441 1777 619 1852 etnullum3
643 1784 726 1838 etse
750 1777 789 1838 ita
812 1795 903 1856 passu
925 1777 1041 1839 lentas
1027 1779 1149 1844 serebat.

211 1885 289 1946 Solis
312 1897 345 1946 ut
367 1885 471 1946 aestivi
494 1895 611 1947 mutans
634 1887 688 1948 sub
711 1886 833 1947 verbere
857 1905 959 1965 sepem

211 1995 241 2055 Si
265 1995 383 2075 quando
406 1995 509 2056 viridis
532 2015 586 2074 per
608 1996 665 2056 iter
687 2005 853 2056 transversa
875 1997 984 2058 lacerta

162 2117 192 2168 75
209 2104 346 2177 Labitur,
372 2105 512 2166 assimilis
536 2105 663 2166 trananti
686 2105 784 2165 nubila
809 2107 960 2166 flammae:

211 2214 276 2274 Νοιι
300 2213 387 2275 aliter
409 2215 490 2276 venit
511 2215 547 2275 ad
570 2215 717 2294 reliquos,
741 2216 819 2275 lactc
843 2215 952 2294 impete
975 2215 1005 2274 in
1029 2218 1133 2291 alvum,

209 2323 339 2401 Exiguus
363 2323 500 2395 coluber,
524 2324 654 2386 candens
677 2324 831 2403 livensque
854 2325 1005 2404 nigerque,

209 2433 246 2494 Ut
267 2432 381 2512 piperis
404 2451 543 2510 granum3
567 2441 654 2513 atquc
677 2433 725 2494 nbi
751 2453 805 2494 nus
828 2433 968 2495 alimenta
938 2437 1121 2498 tsclemus

209 2544 323 2604 llucere
346 2550 448 2603 nostra
471 2542 569 2621 purius,
592 2563 694 2604 morsu
716 2542 836 2604 confixit
858 2551 944 2604 acuta

161 2655 192 2708 80
208 2652 248 2712 Ex
273 2651 400 2729 geminis
422 2671 529 2725 unum,
552 2653 620 2714 dein
644 2654 726 2713 lusus
749 2670 874 2732 corpure
897 2662 959 2714 tcto

208 2762 307 2841 lpsius
330 2773 397 2822 ante
419 2763 511 2840 pedes
535 2761 657 2830 cecidit
681 2782 767 2841 quem
788 2763 908 2824 vulnere
931 2763 1029 2824 laesus
1115 2761 1117 2765 ’

207 2870 344 2950 Aspexit,
369 2869 422 2931 sed
444 2871 577 2932 adhaec
598 2891 700 2933 vocem
723 2891 783 2932 non
806 2872 900 2933 edidit
920 2873 1026 2947 ullam,

209 2981 289 3054 Quin
309 2981 423 3051 stabat,
446 3001 501 3041 ceu
523 2980 573 3060 qui
596 3000 703 3069 scmnc
726 2983 837 3046 lebrive
860 2983 998 3044 laborans

209 3090 334 3150 Oscitat.
377 3089 433 3150 llic
456 3090 624 3163 colubrum,
648 3065 727 3152 hunc
750 3092 871 3153 coluber
892 3093 1061 3171 spectabam
1084 3096 1241 3174 utrimque,

157 3200 263 3263 sanic
284 3201 386 3279 plaga,
409 3200 436 3260 is
458 3201 558 3280 patulo
582 3201 713 3262 sumebat
733 3201 855 3279 largiter
876 3221 936 3274 cte,

208 3310 306 3388 Seque
330 3308 388 3369 sihi
408 3329 571 3371 occurrens
593 3311 691 3372 fumus
710 3311 882 3390 jungebat'
875 3330 905 3370 m
928 3329 1027 3372 unum.

248 3420 388 3480 lucanus
412 3428 520 3492 taceat,
544 3422 570 3481 si
594 3441 650 3500 qua
673 3421 699 3480 is
721 3420 861 3480 miracula
883 3401 985 3498 tangit,

206 3527 338 3590 Nassidii
361 3547 427 3590 cum
450 3531 509 3590 lata
532 3531 626 3603 canit,
650 3529 811 3608 miserique
834 3529 960 3602 Sabelli;

207 3639 414 3717 Intentusque,
437 3639 517 3700 brevi
541 3659 616 3718 quae
637 3640 720 3701 vibra
744 3639 888 3714 carmine,
911 3640 1008 3700 tradat

158 3755 191 3808 tu
206 3748 308 3808 llenti.
351 3749 416 3809 Jam
437 3749 535 3810 mittat
556 3750 711 3821 Cadmum,
735 3758 823 3829 atquc
845 3749 990 3829 Alphcida
1012 3751 1107 3822 Nas03

208 3858 293 3930 Quod
317 3857 343 3918 si
366 3857 500 3926 illumin
524 3859 677 3921 colubrum
698 3860 846 3932 numeris,
870 3860 946 3920 hanc
968 3860 1055 3920 vertit
1075 3861 1106 3920 in
1128 3881 1254 3938 amnem,

206 3967 291 4028 Haud
314 3967 452 4047 equidem
475 3968 602 4029 invideo.
646 3970 748 4048 Neque
772 3969 851 4031 enim
873 3969 1051 4031 converterit
1073 3941 1224 4051 unquam*

206 4077 333 4143 naturas
355 4077 441 4138 binas
464 4076 559 4138 sicin
582 4079 744 4151 contraria,
767 4087 800 4140 ut
820 4080 924 4140 harum

204 4186 329 4249 Formae
351 4187 503 4248 materiem
526 4187 636 4248 luerint
657 4196 769 4249 mutare
790 4197 919 4268 paratae.

158 4301 189 4354 95
230 4296 308 4358 'llas
331 4296 373 4357 illi
396 4298 433 4358 ad
455 4317 575 4359 normas
597 4297 655 4358 sibi
677 4299 858 4376 respondere
880 4298 1030 4359 vicissim:

204 4406 238 4466 ln
261 4387 373 4468 furcam
396 4407 518 4468 coluber
539 4407 662 4467 caudam
684 4407 829 4482 diffindit,
852 4408 993 4468 inunum

205 4515 370 4577 Committit
390 4516 491 4578 laesus
511 4515 646 4593 vestigia.
690 4517 781 4580 Crura
804 4518 950 4598 simulque
1019 4525 1028 4542 ·
