<?xml version="1.0" encoding="UTF-8"?>
<!DOCTYPE html PUBLIC "-//W3C//DTD XHTML 1.0 Transitional//EN"
    "http://www.w3.org/TR/xhtml1/DTD/xhtml1-transitional.dtd">
<html xmlns="http://www.w3.org/1999/xhtml" xml:lang="en" lang="en">
 <head>
  <title>
</title>
<meta http-equiv="Content-Type" content="text/html;charset=utf-8" />
  <meta name='ocr-system' content='tesseract 3.04.00' />
  <meta name='ocr-capabilities' content='ocr_page ocr_carea ocr_par ocr_line ocrx_word'/>
</head>
<body>
  <div class='ocr_page' id='page_1' title='image "./divinacomoedia01piazgoog_0342.png"; bbox 0 0 3234 5396; ppageno 0'>
   <div class='ocr_carea' id='block_1_1' title="bbox 104 442 808 556">
    <p class='ocr_par' dir='ltr' id='par_1_1' title="bbox 104 442 808 556">
     <span class='ocr_line' id='line_1_1' title="bbox 104 442 808 556; baseline 0.001 -6"><span class='ocrx_word' id='word_1_1' title='bbox 104 442 108 556; x_wconf 64' lang='grc' dir='ltr'>Ι</span> <span class='ocrx_word' id='word_1_2' title='bbox 619 499 754 550; x_wconf 81' lang='lat' dir='ltr'><strong>rratntst</strong></span> <span class='ocrx_word' id='word_1_3' title='bbox 772 501 808 551; x_wconf 80' lang='lat' dir='ltr'><strong>lv,</strong></span> 
     </span>
    </p>
   </div>
   <div class='ocr_carea' id='block_1_2' title="bbox 145 716 1164 4534">
    <p class='ocr_par' dir='ltr' id='par_1_2' title="bbox 198 716 1094 1019">
     <span class='ocr_line' id='line_1_2' title="bbox 198 716 1057 798; baseline 0.002 -18"><span class='ocrx_word' id='word_1_4' title='bbox 198 717 249 790; x_wconf 81' lang='lat' dir='ltr'><strong>tu</strong></span> <span class='ocrx_word' id='word_1_5' title='bbox 270 716 400 798; x_wconf 90' lang='lat' dir='ltr'><strong>primum</strong></span> <span class='ocrx_word' id='word_1_6' title='bbox 422 726 469 780; x_wconf 87' lang='lat' dir='ltr'><strong>est</strong></span> <span class='ocrx_word' id='word_1_7' title='bbox 489 716 556 780; x_wconf 91' lang='lat' dir='ltr'><strong>data</strong></span> <span class='ocrx_word' id='word_1_8' title='bbox 578 717 712 781; x_wconf 86' lang='lat' dir='ltr'><strong>libertas.</strong></span> <span class='ocrx_word' id='word_1_9' title='bbox 755 718 793 780; x_wconf 80' lang='lat' dir='ltr'><strong>At</strong></span> <span class='ocrx_word' id='word_1_10' title='bbox 811 725 935 798; x_wconf 87' lang='lat' dir='ltr'><strong>pectora</strong></span> <span class='ocrx_word' id='word_1_11' title='bbox 958 727 1057 784; x_wconf 88' lang='lat' dir='ltr'><strong>mente</strong></span> 
     </span>
     <span class='ocr_line' id='line_1_3' title="bbox 213 827 1094 911; baseline 0.002 -21"><span class='ocrx_word' id='word_1_12' title='bbox 213 828 286 890; x_wconf 86' lang='lat' dir='ltr'><strong>Tam</strong></span> <span class='ocrx_word' id='word_1_13' title='bbox 309 827 407 890; x_wconf 90' lang='lat' dir='ltr'><strong>solida</strong></span> <span class='ocrx_word' id='word_1_14' title='bbox 429 835 499 890; x_wconf 90' lang='lat' dir='ltr'><strong>sunt</strong></span> <span class='ocrx_word' id='word_1_15' title='bbox 519 847 587 890; x_wconf 86' lang='lat' dir='ltr'><strong>rara</strong></span> <span class='ocrx_word' id='word_1_16' title='bbox 609 827 709 890; x_wconf 91' lang='lat' dir='ltr'><strong>nimis.</strong></span> <span class='ocrx_word' id='word_1_17' title='bbox 751 828 816 890; x_wconf 85' lang='lat' dir='ltr'><strong>Jam</strong></span> <span class='ocrx_word' id='word_1_18' title='bbox 839 827 926 890; x_wconf 75' lang='lat' dir='ltr'><strong>verina</strong></span> <span class='ocrx_word' id='word_1_19' title='bbox 950 849 1006 911; x_wconf 86' lang='lat' dir='ltr'><strong>per</strong></span> <span class='ocrx_word' id='word_1_20' title='bbox 1027 829 1094 902; x_wconf 90' lang='lat' dir='ltr'><strong>ista,</strong></span> 
     </span>
     <span class='ocr_line' id='line_1_4' title="bbox 212 925 1025 1019; baseline -0.002 -17"><span class='ocrx_word' id='word_1_21' title='bbox 212 938 245 1002; x_wconf 90' lang='lat' dir='ltr'><strong>Si</strong></span> <span class='ocrx_word' id='word_1_22' title='bbox 265 939 354 1012; x_wconf 88' lang='lat' dir='ltr'><strong>hene,</strong></span> <span class='ocrx_word' id='word_1_23' title='bbox 376 937 420 998; x_wconf 94' lang='lat' dir='ltr'><strong>nti</strong></span> <span class='ocrx_word' id='word_1_24' title='bbox 443 937 550 1010; x_wconf 85' lang='lat' dir='ltr'><strong>decuit,</strong></span> <span class='ocrx_word' id='word_1_25' title='bbox 574 946 606 1002; x_wconf 90' lang='lat' dir='ltr'><strong>tu</strong></span> <span class='ocrx_word' id='word_1_26' title='bbox 628 937 685 1000; x_wconf 87' lang='lat' dir='ltr'><strong>ista</strong></span> <span class='ocrx_word' id='word_1_27' title='bbox 707 925 881 1018; x_wconf 81' lang='lat' dir='ltr'><strong>accipienda¹</strong></span> <span class='ocrx_word' id='word_1_28' title='bbox 904 938 1025 1019; x_wconf 88' lang='lat' dir='ltr'><strong>putasti,</strong></span> 
     </span>
    </p>

    <p class='ocr_par' dir='ltr' id='par_1_3' title="bbox 162 1047 1107 1567">
     <span class='ocr_line' id='line_1_5' title="bbox 162 1047 1038 1128; baseline -0.002 -16"><span class='ocrx_word' id='word_1_29' title='bbox 162 1058 195 1112; x_wconf 79' lang='lat'><strong>85</strong></span> <span class='ocrx_word' id='word_1_30' title='bbox 213 1049 297 1122; x_wconf 87' lang='lat' dir='ltr'><strong>Quae</strong></span> <span class='ocrx_word' id='word_1_31' title='bbox 319 1067 411 1128; x_wconf 87' lang='lat' dir='ltr'><strong>saepe</strong></span> <span class='ocrx_word' id='word_1_32' title='bbox 433 1047 594 1128; x_wconf 77' lang='lat' dir='ltr'>ancipitem</span> <span class='ocrx_word' id='word_1_33' title='bbox 615 1048 755 1110; x_wconf 81' lang='lat' dir='ltr'><strong>torsisset</strong></span> <span class='ocrx_word' id='word_1_34' title='bbox 776 1066 846 1110; x_wconf 89' lang='lat' dir='ltr'><strong>cura</strong></span> <span class='ocrx_word' id='word_1_35' title='bbox 868 1067 1038 1121; x_wconf 77' lang='lat' dir='ltr'><strong>recursans,</strong></span> 
     </span>
     <span class='ocr_line' id='line_1_6' title="bbox 213 1157 1069 1222; baseline -0.004 -1"><span class='ocrx_word' id='word_1_36' title='bbox 213 1159 304 1222; x_wconf 85' lang='lat' dir='ltr'><strong>Cassa</strong></span> <span class='ocrx_word' id='word_1_37' title='bbox 328 1157 416 1218; x_wconf 90' lang='lat' dir='ltr'><strong>eadit.</strong></span> <span class='ocrx_word' id='word_1_38' title='bbox 460 1157 520 1220; x_wconf 90' lang='lat' dir='ltr'><strong>Sed</strong></span> <span class='ocrx_word' id='word_1_39' title='bbox 543 1176 621 1220; x_wconf 90' lang='lat' dir='ltr'><strong>nunc</strong></span> <span class='ocrx_word' id='word_1_40' title='bbox 643 1157 732 1219; x_wconf 89' lang='lat' dir='ltr'><strong>alium</strong></span> <span class='ocrx_word' id='word_1_41' title='bbox 755 1165 805 1220; x_wconf 94' lang='lat' dir='ltr'><strong>tua</strong></span> <span class='ocrx_word' id='word_1_42' title='bbox 827 1157 938 1220; x_wconf 91' lang='lat' dir='ltr'><strong>lumina</strong></span> <span class='ocrx_word' id='word_1_43' title='bbox 961 1159 1069 1220; x_wconf 84' lang='lat' dir='ltr'><strong>flexum</strong></span> 
     </span>
     <span class='ocr_line' id='line_1_7' title="bbox 213 1268 1074 1348; baseline -0.002 -18"><span class='ocrx_word' id='word_1_44' title='bbox 213 1269 385 1342; x_wconf 79' lang='lat' dir='ltr'><strong>Offendunt,</strong></span> <span class='ocrx_word' id='word_1_45' title='bbox 407 1274 505 1330; x_wconf 86' lang='lat' dir='ltr'><strong>mente</strong></span> <span class='ocrx_word' id='word_1_46' title='bbox 519 1268 606 1340; x_wconf 71' lang='lat' dir='ltr'><strong>‚unde</strong></span> <span class='ocrx_word' id='word_1_47' title='bbox 628 1277 677 1330; x_wconf 87' lang='lat' dir='ltr'><strong>tua</strong></span> <span class='ocrx_word' id='word_1_48' title='bbox 699 1268 779 1330; x_wconf 88' lang='lat' dir='ltr'><strong>haud</strong></span> <span class='ocrx_word' id='word_1_49' title='bbox 801 1268 926 1330; x_wconf 85' lang='lat' dir='ltr'><strong>eradere</strong></span> <span class='ocrx_word' id='word_1_50' title='bbox 948 1287 1074 1348; x_wconf 79' lang='lat' dir='ltr'><strong>posses3</strong></span> 
     </span>
     <span class='ocr_line' id='line_1_8' title="bbox 211 1365 1059 1457; baseline -0.001 -17"><span class='ocrx_word' id='word_1_51' title='bbox 211 1379 374 1440; x_wconf 87' lang='lat' dir='ltr'><strong>Lassarere</strong></span> <span class='ocrx_word' id='word_1_52' title='bbox 394 1376 489 1457; x_wconf 92' lang='lat' dir='ltr'><strong>prius.</strong></span> <span class='ocrx_word' id='word_1_53' title='bbox 533 1376 578 1438; x_wconf 87' lang='lat' dir='ltr'><strong>Tu</strong></span> <span class='ocrx_word' id='word_1_54' title='bbox 599 1395 647 1438; x_wconf 89' lang='lat' dir='ltr'><strong>me</strong></span> <span class='ocrx_word' id='word_1_55' title='bbox 669 1377 810 1440; x_wconf 90' lang='lat' dir='ltr'><strong>docuisse</strong></span> <span class='ocrx_word' id='word_1_56' title='bbox 831 1376 947 1440; x_wconf 82' lang='lat' dir='ltr'><strong>tenebis</strong></span> <span class='ocrx_word' id='word_1_57' title='bbox 1057 1365 1059 1370; x_wconf 61' lang='grc'><strong>’</strong></span> 
     </span>
     <span class='ocr_line' id='line_1_9' title="bbox 211 1486 1107 1567; baseline 0 -19"><span class='ocrx_word' id='word_1_58' title='bbox 211 1486 245 1548; x_wconf 90' lang='lat' dir='ltr'><strong>ld</strong></span> <span class='ocrx_word' id='word_1_59' title='bbox 264 1495 312 1556; x_wconf 89' lang='lat' dir='ltr'><strong>te:</strong></span> <span class='ocrx_word' id='word_1_60' title='bbox 335 1505 486 1567; x_wconf 89' lang='lat' dir='ltr'><strong>nunquam</strong></span> <span class='ocrx_word' id='word_1_61' title='bbox 509 1486 638 1548; x_wconf 91' lang='lat' dir='ltr'><strong>animam</strong></span> <span class='ocrx_word' id='word_1_62' title='bbox 659 1487 778 1549; x_wconf 86' lang='lat' dir='ltr'><strong>mentiri</strong></span> <span class='ocrx_word' id='word_1_63' title='bbox 801 1506 892 1566; x_wconf 90' lang='lat' dir='ltr'><strong>posse</strong></span> <span class='ocrx_word' id='word_1_64' title='bbox 914 1486 1048 1564; x_wconf 80' lang='lat' dir='ltr'><strong>beatam3</strong></span> <span class='ocrx_word' id='word_1_65' title='bbox 1103 1517 1107 1526; x_wconf 93' lang='lat'>·</span> 
     </span>
    </p>

    <p class='ocr_par' dir='ltr' id='par_1_4' title="bbox 163 1596 1034 1780">
     <span class='ocr_line' id='line_1_10' title="bbox 163 1596 1034 1677; baseline -0.005 -15"><span class='ocrx_word' id='word_1_66' title='bbox 163 1609 195 1662; x_wconf 82' lang='lat' dir='ltr'><strong>tte</strong></span> <span class='ocrx_word' id='word_1_67' title='bbox 213 1596 300 1671; x_wconf 84' lang='lat' dir='ltr'><strong>Quod</strong></span> <span class='ocrx_word' id='word_1_68' title='bbox 322 1596 418 1676; x_wconf 91' lang='lat' dir='ltr'><strong>primo</strong></span> <span class='ocrx_word' id='word_1_69' title='bbox 442 1615 542 1659; x_wconf 87' lang='lat' dir='ltr'><strong>eoram</strong></span> <span class='ocrx_word' id='word_1_70' title='bbox 563 1617 634 1660; x_wconf 88' lang='lat' dir='ltr'><strong>vero</strong></span> <span class='ocrx_word' id='word_1_71' title='bbox 657 1603 716 1658; x_wconf 91' lang='lat' dir='ltr'><strong>stat</strong></span> <span class='ocrx_word' id='word_1_72' title='bbox 738 1605 854 1677; x_wconf 89' lang='lat' dir='ltr'><strong>tempus</strong></span> <span class='ocrx_word' id='word_1_73' title='bbox 876 1597 907 1658; x_wconf 93' lang='lat' dir='ltr'><strong>in</strong></span> <span class='ocrx_word' id='word_1_74' title='bbox 931 1615 1034 1660; x_wconf 88' lang='lat' dir='ltr'><strong>omne:</strong></span> 
     </span>
     <span class='ocr_line' id='line_1_11' title="bbox 210 1707 934 1780; baseline -0.003 -10"><span class='ocrx_word' id='word_1_75' title='bbox 210 1708 248 1770; x_wconf 79' lang='lat' dir='ltr'><strong>dt</strong></span> <span class='ocrx_word' id='word_1_76' title='bbox 271 1707 350 1778; x_wconf 86' lang='lat' dir='ltr'><strong>dein,</strong></span> <span class='ocrx_word' id='word_1_77' title='bbox 372 1707 528 1780; x_wconf 72' lang='lat' dir='ltr'><strong>Praesens,</strong></span> <span class='ocrx_word' id='word_1_78' title='bbox 545 1707 661 1769; x_wconf 87' lang='lat' dir='ltr'><strong>audisti</strong></span> <span class='ocrx_word' id='word_1_79' title='bbox 686 1707 801 1770; x_wconf 86' lang='lat' dir='ltr'><strong>diversa</strong></span> <span class='ocrx_word' id='word_1_80' title='bbox 824 1707 934 1778; x_wconf 89' lang='lat' dir='ltr'><strong>locuta,</strong></span> 
     </span>
    </p>

    <p class='ocr_par' dir='ltr' id='par_1_5' title="bbox 212 1816 1112 2118">
     <span class='ocr_line' id='line_1_12' title="bbox 212 1816 1112 1896; baseline -0.002 -18"><span class='ocrx_word' id='word_1_81' title='bbox 212 1817 299 1890; x_wconf 84' lang='lat' dir='ltr'><strong>Quod</strong></span> <span class='ocrx_word' id='word_1_82' title='bbox 321 1816 495 1879; x_wconf 85' lang='lat' dir='ltr'><strong>meminisse</strong></span> <span class='ocrx_word' id='word_1_83' title='bbox 518 1825 614 1896; x_wconf 89' lang='lat' dir='ltr'><strong>potes,</strong></span> <span class='ocrx_word' id='word_1_84' title='bbox 638 1817 738 1878; x_wconf 91' lang='lat' dir='ltr'><strong>animo</strong></span> <span class='ocrx_word' id='word_1_85' title='bbox 764 1817 972 1880; x_wconf 82' lang='lat' dir='ltr'><strong>Cousrrnrnn</strong></span> <span class='ocrx_word' id='word_1_86' title='bbox 994 1834 1112 1878; x_wconf 90' lang='lat' dir='ltr'><strong>amasse</strong></span> 
     </span>
     <span class='ocr_line' id='line_1_13' title="bbox 213 1925 1092 2007; baseline -0.005 -17"><span class='ocrx_word' id='word_1_87' title='bbox 213 1927 311 2007; x_wconf 80' lang='lat' dir='ltr'><strong>Usque</strong></span> <span class='ocrx_word' id='word_1_88' title='bbox 333 1945 450 1988; x_wconf 89' lang='lat' dir='ltr'><strong>sacrum</strong></span> <span class='ocrx_word' id='word_1_89' title='bbox 471 1926 579 1988; x_wconf 83' lang='lat' dir='ltr'><strong>velum.</strong></span> <span class='ocrx_word' id='word_1_90' title='bbox 622 1927 735 2000; x_wconf 77' lang='lat' dir='ltr'><strong>Frater,</strong></span> <span class='ocrx_word' id='word_1_91' title='bbox 758 1945 849 2007; x_wconf 81' lang='lat' dir='ltr'><strong>saepe</strong></span> <span class='ocrx_word' id='word_1_92' title='bbox 871 1926 981 1990; x_wconf 86' lang='lat' dir='ltr'><strong>accidit</strong></span> <span class='ocrx_word' id='word_1_93' title='bbox 1002 1925 1092 1998; x_wconf 88' lang='lat' dir='ltr'><strong>istud,</strong></span> 
     </span>
     <span class='ocr_line' id='line_1_14' title="bbox 212 2035 996 2118; baseline -0.005 -18"><span class='ocrx_word' id='word_1_94' title='bbox 212 2037 248 2100; x_wconf 85' lang='lat' dir='ltr'><strong>Ut</strong></span> <span class='ocrx_word' id='word_1_95' title='bbox 270 2036 437 2118; x_wconf 89' lang='lat' dir='ltr'><strong>quisquam,</strong></span> <span class='ocrx_word' id='word_1_96' title='bbox 460 2036 576 2098; x_wconf 88' lang='lat' dir='ltr'><strong>luctans</strong></span> <span class='ocrx_word' id='word_1_97' title='bbox 597 2035 749 2116; x_wconf 85' lang='lat' dir='ltr'><strong>praesenti</strong></span> <span class='ocrx_word' id='word_1_98' title='bbox 771 2035 851 2098; x_wconf 87' lang='lat' dir='ltr'><strong>exire</strong></span> <span class='ocrx_word' id='word_1_99' title='bbox 872 2036 996 2116; x_wconf 90' lang='lat' dir='ltr'><strong>periclo,</strong></span> 
     </span>
    </p>

    <p class='ocr_par' dir='ltr' id='par_1_6' title="bbox 161 2145 1103 2665">
     <span class='ocr_line' id='line_1_15' title="bbox 161 2145 944 2227; baseline -0.005 -17"><span class='ocrx_word' id='word_1_100' title='bbox 161 2155 193 2210; x_wconf 80' lang='grc'><strong>95</strong></span> <span class='ocrx_word' id='word_1_101' title='bbox 209 2145 330 2209; x_wconf 86' lang='lat' dir='ltr'><strong>Fecerit</strong></span> <span class='ocrx_word' id='word_1_102' title='bbox 350 2146 469 2220; x_wconf 87' lang='lat' dir='ltr'><strong>invitus,</strong></span> <span class='ocrx_word' id='word_1_103' title='bbox 493 2146 573 2227; x_wconf 89' lang='lat' dir='ltr'><strong>quod</strong></span> <span class='ocrx_word' id='word_1_104' title='bbox 595 2165 656 2208; x_wconf 92' lang='lat' dir='ltr'><strong>non</strong></span> <span class='ocrx_word' id='word_1_105' title='bbox 678 2145 788 2208; x_wconf 84' lang='lat' dir='ltr'><strong>iecisse</strong></span> <span class='ocrx_word' id='word_1_106' title='bbox 810 2146 944 2207; x_wconf 88' lang='lat' dir='ltr'><strong>decebat</strong></span> 
     </span>
     <span class='ocr_line' id='line_1_16' title="bbox 209 2255 1103 2336; baseline -0.002 -18"><span class='ocrx_word' id='word_1_107' title='bbox 209 2256 276 2319; x_wconf 86' lang='lat' dir='ltr'><strong>Non</strong></span> <span class='ocrx_word' id='word_1_108' title='bbox 299 2273 386 2317; x_wconf 89' lang='lat' dir='ltr'><strong>secus</strong></span> <span class='ocrx_word' id='word_1_109' title='bbox 408 2256 579 2330; x_wconf 81' lang='lat' dir='ltr'><strong>Alcmaeon,</strong></span> <span class='ocrx_word' id='word_1_110' title='bbox 603 2255 662 2336; x_wconf 86' lang='lat' dir='ltr'><strong>qui,</strong></span> <span class='ocrx_word' id='word_1_111' title='bbox 685 2266 769 2336; x_wconf 90' lang='lat' dir='ltr'><strong>patre</strong></span> <span class='ocrx_word' id='word_1_112' title='bbox 791 2262 926 2334; x_wconf 79' lang='lat' dir='ltr'><strong>rogante,</strong></span> <span class='ocrx_word' id='word_1_113' title='bbox 948 2263 1103 2336; x_wconf 89' lang='lat' dir='ltr'><strong>parentem</strong></span> 
     </span>
     <span class='ocr_line' id='line_1_17' title="bbox 208 2365 1014 2447; baseline -0.002 -19"><span class='ocrx_word' id='word_1_114' title='bbox 208 2367 278 2447; x_wconf 88' lang='lat' dir='ltr'><strong>lpse</strong></span> <span class='ocrx_word' id='word_1_115' title='bbox 300 2384 385 2428; x_wconf 86' lang='lat' dir='ltr'><strong>suam</strong></span> <span class='ocrx_word' id='word_1_116' title='bbox 408 2365 557 2440; x_wconf 82' lang='lat' dir='ltr'><strong>exstinxit,</strong></span> <span class='ocrx_word' id='word_1_117' title='bbox 580 2385 648 2428; x_wconf 90' lang='lat' dir='ltr'><strong>eum</strong></span> <span class='ocrx_word' id='word_1_118' title='bbox 669 2365 773 2428; x_wconf 87' lang='lat' dir='ltr'><strong>maluit</strong></span> <span class='ocrx_word' id='word_1_119' title='bbox 794 2365 905 2445; x_wconf 91' lang='lat' dir='ltr'><strong>impius</strong></span> <span class='ocrx_word' id='word_1_120' title='bbox 928 2365 1014 2437; x_wconf 86' lang='lat' dir='ltr'><strong>ultor,</strong></span> 
     </span>
     <span class='ocr_line' id='line_1_18' title="bbox 211 2466 1040 2556; baseline 0 -20"><span class='ocrx_word' id='word_1_121' title='bbox 211 2476 308 2551; x_wconf 85' lang='lat' dir='ltr'><strong>Quam</strong></span> <span class='ocrx_word' id='word_1_122' title='bbox 329 2475 429 2537; x_wconf 93' lang='lat' dir='ltr'><strong>minus</strong></span> <span class='ocrx_word' id='word_1_123' title='bbox 451 2475 516 2556; x_wconf 92' lang='lat' dir='ltr'><strong>ipse</strong></span> <span class='ocrx_word' id='word_1_124' title='bbox 540 2466 627 2538; x_wconf 89' lang='lat' dir='ltr'><strong>tenax</strong></span> <span class='ocrx_word' id='word_1_125' title='bbox 646 2475 761 2556; x_wconf 87' lang='lat' dir='ltr'><strong>patriae</strong></span> <span class='ocrx_word' id='word_1_126' title='bbox 782 2475 904 2556; x_wconf 87' lang='lat' dir='ltr'><strong>pietatis</strong></span> <span class='ocrx_word' id='word_1_127' title='bbox 925 2475 1040 2536; x_wconf 86' lang='lat' dir='ltr'><strong>haberi.</strong></span> 
     </span>
     <span class='ocr_line' id='line_1_19' title="bbox 208 2579 1029 2665; baseline -0.001 -17"><span class='ocrx_word' id='word_1_128' title='bbox 208 2585 290 2648; x_wconf 87' lang='lat' dir='ltr'><strong>Haec</strong></span> <span class='ocrx_word' id='word_1_129' title='bbox 313 2585 451 2665; x_wconf 87' lang='lat' dir='ltr'><strong>equidem</strong></span> <span class='ocrx_word' id='word_1_130' title='bbox 473 2593 572 2648; x_wconf 90' lang='lat' dir='ltr'><strong>tecum</strong></span> <span class='ocrx_word' id='word_1_131' title='bbox 593 2586 700 2648; x_wconf 84' lang='lat' dir='ltr'><strong>veliem</strong></span> <span class='ocrx_word' id='word_1_132' title='bbox 723 2594 753 2648; x_wconf 93' lang='lat' dir='ltr'><strong>tu</strong></span> <span class='ocrx_word' id='word_1_133' title='bbox 775 2579 1029 2648; x_wconf 75' lang='lat' dir='ltr'><strong>mente&#39;volutes:</strong></span> 
     </span>
    </p>

    <p class='ocr_par' dir='ltr' id='par_1_7' title="bbox 146 2695 1051 2888">
     <span class='ocr_line' id='line_1_20' title="bbox 146 2695 1051 2776; baseline 0.004 -22"><span class='ocrx_word' id='word_1_134' title='bbox 146 2703 193 2756; x_wconf 84' lang='lat' dir='ltr'><strong>lto</strong></span> <span class='ocrx_word' id='word_1_135' title='bbox 209 2696 320 2758; x_wconf 88' lang='lat' dir='ltr'><strong>Suesse</strong></span> <span class='ocrx_word' id='word_1_136' title='bbox 342 2695 487 2758; x_wconf 80' lang='lat' dir='ltr'><strong>voluntati</strong></span> <span class='ocrx_word' id='word_1_137' title='bbox 510 2715 628 2776; x_wconf 88' lang='lat' dir='ltr'><strong>quoque</strong></span> <span class='ocrx_word' id='word_1_138' title='bbox 649 2695 708 2758; x_wconf 88' lang='lat' dir='ltr'><strong>vim</strong></span> <span class='ocrx_word' id='word_1_139' title='bbox 731 2714 910 2758; x_wconf 89' lang='lat' dir='ltr'><strong>concurrere</strong></span> <span class='ocrx_word' id='word_1_140' title='bbox 932 2695 1051 2758; x_wconf 88' lang='lat' dir='ltr'><strong>mistam</strong></span> 
     </span>
     <span class='ocr_line' id='line_1_21' title="bbox 209 2805 878 2888; baseline -0.001 -20"><span class='ocrx_word' id='word_1_141' title='bbox 209 2806 270 2886; x_wconf 83' lang='lat' dir='ltr'><strong>Sic,</strong></span> <span class='ocrx_word' id='word_1_142' title='bbox 292 2814 326 2867; x_wconf 86' lang='lat' dir='ltr'><strong>ut</strong></span> <span class='ocrx_word' id='word_1_143' title='bbox 346 2805 467 2886; x_wconf 78' lang='lat' dir='ltr'><strong>purgari</strong></span> <span class='ocrx_word' id='word_1_144' title='bbox 488 2814 639 2888; x_wconf 85' lang='lat' dir='ltr'><strong>nequeant</strong></span> <span class='ocrx_word' id='word_1_145' title='bbox 659 2806 767 2887; x_wconf 86' lang='lat' dir='ltr'><strong>injuria</strong></span> <span class='ocrx_word' id='word_1_146' title='bbox 790 2806 878 2869; x_wconf 82' lang='lat' dir='ltr'><strong>iacta.</strong></span> 
     </span>
    </p>

    <p class='ocr_par' dir='ltr' id='par_1_8' title="bbox 208 2915 1049 3216">
     <span class='ocr_line' id='line_1_22' title="bbox 208 2915 936 2996; baseline 0.001 -19"><span class='ocrx_word' id='word_1_147' title='bbox 208 2915 384 2978; x_wconf 84' lang='lat' dir='ltr'><strong>Liberauis</strong></span> <span class='ocrx_word' id='word_1_148' title='bbox 406 2915 497 2978; x_wconf 92' lang='lat' dir='ltr'><strong>animi</strong></span> <span class='ocrx_word' id='word_1_149' title='bbox 519 2933 574 2996; x_wconf 88' lang='lat' dir='ltr'><strong>per</strong></span> <span class='ocrx_word' id='word_1_150' title='bbox 594 2935 628 2978; x_wconf 86' lang='lat' dir='ltr'><strong>sc</strong></span> <span class='ocrx_word' id='word_1_151' title='bbox 649 2917 743 2988; x_wconf 82' lang='lat' dir='ltr'><strong>vitare</strong></span> <span class='ocrx_word' id='word_1_152' title='bbox 764 2927 866 2996; x_wconf 89' lang='lat' dir='ltr'><strong>parata</strong></span> <span class='ocrx_word' id='word_1_153' title='bbox 890 2925 936 2978; x_wconf 87' lang='lat' dir='ltr'><strong>est</strong></span> 
     </span>
     <span class='ocr_line' id='line_1_23' title="bbox 209 3025 1049 3100; baseline -0.004 -13"><span class='ocrx_word' id='word_1_154' title='bbox 209 3026 306 3087; x_wconf 84' lang='lat' dir='ltr'><strong>Omne</strong></span> <span class='ocrx_word' id='word_1_155' title='bbox 327 3025 455 3100; x_wconf 87' lang='lat' dir='ltr'><strong>malum;</strong></span> <span class='ocrx_word' id='word_1_156' title='bbox 477 3034 525 3088; x_wconf 91' lang='lat' dir='ltr'><strong>ast</strong></span> <span class='ocrx_word' id='word_1_157' title='bbox 544 3026 645 3088; x_wconf 90' lang='lat' dir='ltr'><strong>isthuc</strong></span> <span class='ocrx_word' id='word_1_158' title='bbox 666 3034 736 3088; x_wconf 87' lang='lat' dir='ltr'><strong>tunc</strong></span> <span class='ocrx_word' id='word_1_159' title='bbox 758 3025 903 3089; x_wconf 88' lang='lat' dir='ltr'><strong>inclinare</strong></span> <span class='ocrx_word' id='word_1_160' title='bbox 923 3025 1049 3098; x_wconf 80' lang='lat' dir='ltr'><strong>videtur,</strong></span> 
     </span>
     <span class='ocr_line' id='line_1_24' title="bbox 208 3134 1046 3216; baseline -0.002 -20"><span class='ocrx_word' id='word_1_161' title='bbox 208 3135 303 3216; x_wconf 86' lang='lat' dir='ltr'><strong>Major</strong></span> <span class='ocrx_word' id='word_1_162' title='bbox 322 3134 374 3196; x_wconf 92' lang='lat' dir='ltr'><strong>ubi</strong></span> <span class='ocrx_word' id='word_1_163' title='bbox 396 3142 494 3198; x_wconf 91' lang='lat' dir='ltr'><strong>metus</strong></span> <span class='ocrx_word' id='word_1_164' title='bbox 515 3136 594 3197; x_wconf 87' lang='lat' dir='ltr'><strong>hano</strong></span> <span class='ocrx_word' id='word_1_165' title='bbox 614 3143 740 3209; x_wconf 84' lang='lat' dir='ltr'><strong>moreat,</strong></span> <span class='ocrx_word' id='word_1_166' title='bbox 762 3135 789 3196; x_wconf 91' lang='lat' dir='ltr'><strong>si</strong></span> <span class='ocrx_word' id='word_1_167' title='bbox 812 3143 891 3202; x_wconf 88' lang='lat' dir='ltr'><strong>certa</strong></span> <span class='ocrx_word' id='word_1_168' title='bbox 913 3134 1046 3198; x_wconf 88' lang='lat' dir='ltr'><strong>resistat.</strong></span> 
     </span>
    </p>

    <p class='ocr_par' dir='ltr' id='par_1_9' title="bbox 145 3243 1160 3545">
     <span class='ocr_line' id='line_1_25' title="bbox 145 3243 1064 3326; baseline -0.001 -21"><span class='ocrx_word' id='word_1_169' title='bbox 145 3253 193 3308; x_wconf 84' lang='lat'><strong>1⁰5</strong></span> <span class='ocrx_word' id='word_1_170' title='bbox 210 3244 309 3318; x_wconf 89' lang='lat' dir='ltr'><strong>Quare</strong></span> <span class='ocrx_word' id='word_1_171' title='bbox 332 3263 408 3325; x_wconf 87' lang='lat' dir='ltr'><strong>quae</strong></span> <span class='ocrx_word' id='word_1_172' title='bbox 430 3244 614 3326; x_wconf 80' lang='lat' dir='ltr'><strong>exprimitur,</strong></span> <span class='ocrx_word' id='word_1_173' title='bbox 636 3245 784 3306; x_wconf 72' lang='lat' dir='ltr'><strong>Picenum</strong></span> <span class='ocrx_word' id='word_1_174' title='bbox 805 3246 895 3317; x_wconf 87' lang='lat' dir='ltr'><strong>tante,</strong></span> <span class='ocrx_word' id='word_1_175' title='bbox 917 3243 1064 3316; x_wconf 88' lang='lat' dir='ltr'><strong>voluntas,</strong></span> 
     </span>
     <span class='ocr_line' id='line_1_26' title="bbox 209 3352 1160 3434; baseline -0.001 -19"><span class='ocrx_word' id='word_1_176' title='bbox 209 3353 318 3418; x_wconf 86' lang='lat' dir='ltr'><strong>Libera</strong></span> <span class='ocrx_word' id='word_1_177' title='bbox 340 3363 448 3434; x_wconf 89' lang='lat' dir='ltr'><strong>sponte</strong></span> <span class='ocrx_word' id='word_1_178' title='bbox 470 3374 523 3416; x_wconf 90' lang='lat' dir='ltr'><strong>sua</strong></span> <span class='ocrx_word' id='word_1_179' title='bbox 546 3361 607 3430; x_wconf 79' lang='lat' dir='ltr'><strong>est3</strong></span> <span class='ocrx_word' id='word_1_180' title='bbox 629 3354 726 3429; x_wconf 87' lang='lat' dir='ltr'><strong>aliter,</strong></span> <span class='ocrx_word' id='word_1_181' title='bbox 748 3373 838 3434; x_wconf 88' lang='lat' dir='ltr'><strong>quam</strong></span> <span class='ocrx_word' id='word_1_182' title='bbox 858 3353 916 3414; x_wconf 90' lang='lat' dir='ltr'><strong>hoc</strong></span> <span class='ocrx_word' id='word_1_183' title='bbox 938 3352 1059 3414; x_wconf 90' lang='lat' dir='ltr'><strong>nomine</strong></span> <span class='ocrx_word' id='word_1_184' title='bbox 1081 3353 1160 3427; x_wconf 89' lang='lat' dir='ltr'><strong>dieo,</strong></span> 
     </span>
     <span class='ocr_line' id='line_1_27' title="bbox 207 3463 995 3545; baseline -0.004 -18"><span class='ocrx_word' id='word_1_185' title='bbox 207 3464 330 3545; x_wconf 75' lang='lat' dir='ltr'><strong>decipe.</strong></span> <span class='ocrx_word' id='word_1_186' title='bbox 374 3463 424 3526; x_wconf 89' lang='lat' dir='ltr'><strong>Sic</strong></span> <span class='ocrx_word' id='word_1_187' title='bbox 447 3465 545 3528; x_wconf 84' lang='lat' dir='ltr'><strong>disces</strong></span> <span class='ocrx_word' id='word_1_188' title='bbox 568 3463 681 3545; x_wconf 89' lang='lat' dir='ltr'><strong>pariter</strong></span> <span class='ocrx_word' id='word_1_189' title='bbox 702 3482 757 3526; x_wconf 92' lang='lat' dir='ltr'><strong>nos</strong></span> <span class='ocrx_word' id='word_1_190' title='bbox 780 3483 848 3525; x_wconf 86' lang='lat' dir='ltr'><strong>vcra</strong></span> <span class='ocrx_word' id='word_1_191' title='bbox 869 3463 995 3525; x_wconf 90' lang='lat' dir='ltr'><strong>locutas.</strong></span> 
     </span>
    </p>

    <p class='ocr_par' dir='ltr' id='par_1_10' title="bbox 145 3573 1164 4314">
     <span class='ocr_line' id='line_1_28' title="bbox 251 3573 957 3640; baseline 0 -4"><span class='ocrx_word' id='word_1_192' title='bbox 251 3575 336 3636; x_wconf 84' lang='lat' dir='ltr'><strong>Haud</strong></span> <span class='ocrx_word' id='word_1_193' title='bbox 359 3574 570 3640; x_wconf 84' lang='lat' dir='ltr'><strong>alitersaneta</strong></span> <span class='ocrx_word' id='word_1_194' title='bbox 592 3574 725 3638; x_wconf 85' lang='lat' dir='ltr'><strong>decurrit</strong></span> <span class='ocrx_word' id='word_1_195' title='bbox 744 3573 857 3638; x_wconf 79' lang='lat' dir='ltr'><strong>mvulus</strong></span> <span class='ocrx_word' id='word_1_196' title='bbox 879 3574 957 3636; x_wconf 92' lang='lat' dir='ltr'><strong>unda</strong></span> 
     </span>
     <span class='ocr_line' id='line_1_29' title="bbox 209 3683 1037 3764; baseline -0.002 -18"><span class='ocrx_word' id='word_1_197' title='bbox 209 3684 304 3747; x_wconf 82' lang='lat' dir='ltr'><strong>Ponte</strong></span> <span class='ocrx_word' id='word_1_198' title='bbox 327 3684 379 3746; x_wconf 90' lang='lat' dir='ltr'><strong>illo</strong></span> <span class='ocrx_word' id='word_1_199' title='bbox 402 3683 569 3763; x_wconf 78' lang='lat' dir='ltr'><strong>egrediens,</strong></span> <span class='ocrx_word' id='word_1_200' title='bbox 586 3703 650 3764; x_wconf 49' lang='lat' dir='ltr'><strong>,quo</strong></span> <span class='ocrx_word' id='word_1_201' title='bbox 672 3703 774 3747; x_wconf 88' lang='lat' dir='ltr'><strong>verum</strong></span> <span class='ocrx_word' id='word_1_202' title='bbox 795 3684 919 3764; x_wconf 84' lang='lat' dir='ltr'><strong>profluit</strong></span> <span class='ocrx_word' id='word_1_203' title='bbox 940 3702 1037 3746; x_wconf 91' lang='lat' dir='ltr'><strong>omne.</strong></span> 
     </span>
     <span class='ocr_line' id='line_1_30' title="bbox 145 3792 1112 3874; baseline 0.002 -24"><span class='ocrx_word' id='word_1_204' title='bbox 145 3796 193 3850; x_wconf 89' lang='lat' dir='ltr'><strong>llo</strong></span> <span class='ocrx_word' id='word_1_205' title='bbox 208 3793 286 3856; x_wconf 88' lang='lat' dir='ltr'><strong>Pace</strong></span> <span class='ocrx_word' id='word_1_206' title='bbox 309 3794 350 3856; x_wconf 82' lang='lat' dir='ltr'><strong>iu</strong></span> <span class='ocrx_word' id='word_1_207' title='bbox 372 3793 549 3874; x_wconf 88' lang='lat' dir='ltr'><strong>composita,</strong></span> <span class='ocrx_word' id='word_1_208' title='bbox 571 3794 645 3856; x_wconf 90' lang='lat' dir='ltr'><strong>mihi</strong></span> <span class='ocrx_word' id='word_1_209' title='bbox 667 3803 730 3858; x_wconf 89' lang='lat' dir='ltr'><strong>tum</strong></span> <span class='ocrx_word' id='word_1_210' title='bbox 751 3806 877 3874; x_wconf 88' lang='lat' dir='ltr'><strong>utraque</strong></span> <span class='ocrx_word' id='word_1_211' title='bbox 899 3812 967 3856; x_wconf 90' lang='lat' dir='ltr'><strong>cura</strong></span> <span class='ocrx_word' id='word_1_212' title='bbox 992 3792 1112 3872; x_wconf 86' lang='lat' dir='ltr'><strong>quievit.</strong></span> 
     </span>
     <span class='ocr_line' id='line_1_31' title="bbox 250 3903 1035 3985; baseline -0.005 -19"><span class='ocrx_word' id='word_1_213' title='bbox 250 3903 353 3966; x_wconf 85' lang='lat' dir='ltr'><strong>Dulcis</strong></span> <span class='ocrx_word' id='word_1_214' title='bbox 375 3904 503 3967; x_wconf 89' lang='lat' dir='ltr'><strong>amantis</strong></span> <span class='ocrx_word' id='word_1_215' title='bbox 524 3923 608 3966; x_wconf 89' lang='lat' dir='ltr'><strong>amor</strong></span> <span class='ocrx_word' id='word_1_216' title='bbox 629 3905 727 3985; x_wconf 90' lang='lat' dir='ltr'><strong>primi,</strong></span> <span class='ocrx_word' id='word_1_217' title='bbox 751 3904 817 3966; x_wconf 90' lang='lat' dir='ltr'><strong>diva</strong></span> <span class='ocrx_word' id='word_1_218' title='bbox 840 3903 951 3977; x_wconf 89' lang='lat' dir='ltr'><strong>inclita,</strong></span> <span class='ocrx_word' id='word_1_219' title='bbox 975 3903 1035 3964; x_wconf 90' lang='lat' dir='ltr'><strong>dixi</strong></span> 
     </span>
     <span class='ocr_line' id='line_1_32' title="bbox 207 4013 1027 4095; baseline -0.001 -20"><span class='ocrx_word' id='word_1_220' title='bbox 207 4015 281 4076; x_wconf 87' lang='lat' dir='ltr'><strong>Post</strong></span> <span class='ocrx_word' id='word_1_221' title='bbox 302 4014 401 4094; x_wconf 92' lang='lat' dir='ltr'><strong>paulo,</strong></span> <span class='ocrx_word' id='word_1_222' title='bbox 425 4031 523 4076; x_wconf 88' lang='lat' dir='ltr'><strong>sermo</strong></span> <span class='ocrx_word' id='word_1_223' title='bbox 546 4015 632 4095; x_wconf 84' lang='lat' dir='ltr'><strong>cujus</strong></span> <span class='ocrx_word' id='word_1_224' title='bbox 653 4014 727 4078; x_wconf 87' lang='lat' dir='ltr'><strong>mihi</strong></span> <span class='ocrx_word' id='word_1_225' title='bbox 749 4022 871 4094; x_wconf 90' lang='lat' dir='ltr'><strong>pectora</strong></span> <span class='ocrx_word' id='word_1_226' title='bbox 894 4013 1027 4085; x_wconf 90' lang='lat' dir='ltr'><strong>inundat,</strong></span> 
     </span>
     <span class='ocr_line' id='line_1_33' title="bbox 208 4121 1164 4205; baseline -0.001 -20"><span class='ocrx_word' id='word_1_227' title='bbox 208 4124 434 4205; x_wconf 85' lang='lat' dir='ltr'><strong>inflammatque</strong></span> <span class='ocrx_word' id='word_1_228' title='bbox 456 4124 542 4200; x_wconf 89' lang='lat' dir='ltr'><strong>adeo,</strong></span> <span class='ocrx_word' id='word_1_229' title='bbox 564 4133 596 4193; x_wconf 93' lang='lat' dir='ltr'><strong>ut</strong></span> <span class='ocrx_word' id='word_1_230' title='bbox 618 4125 713 4202; x_wconf 73' lang='lat' dir='ltr'><strong>magis</strong></span> <span class='ocrx_word' id='word_1_231' title='bbox 735 4143 770 4188; x_wconf 88' lang='lat' dir='ltr'><strong>ao</strong></span> <span class='ocrx_word' id='word_1_232' title='bbox 790 4123 885 4202; x_wconf 85' lang='lat' dir='ltr'><strong>magis</strong></span> <span class='ocrx_word' id='word_1_233' title='bbox 908 4130 993 4189; x_wconf 89' lang='lat' dir='ltr'><strong>aucta</strong></span> <span class='ocrx_word' id='word_1_234' title='bbox 1014 4121 1115 4202; x_wconf 79' lang='lat' dir='ltr'><strong>vigore</strong></span> <span class='ocrx_word' id='word_1_235' title='bbox 1161 4157 1164 4162; x_wconf 95' lang='lat'>·</span> 
     </span>
     <span class='ocr_line' id='line_1_34' title="bbox 209 4231 1096 4314; baseline -0.003 -17"><span class='ocrx_word' id='word_1_236' title='bbox 209 4232 420 4297; x_wconf 86' lang='lat' dir='ltr'><strong>Succreseautt</strong></span> <span class='ocrx_word' id='word_1_237' title='bbox 442 4234 510 4296; x_wconf 89' lang='lat' dir='ltr'><strong>Non</strong></span> <span class='ocrx_word' id='word_1_238' title='bbox 530 4242 612 4298; x_wconf 84' lang='lat' dir='ltr'><strong>tanta</strong></span> <span class='ocrx_word' id='word_1_239' title='bbox 632 4234 707 4299; x_wconf 88' lang='lat' dir='ltr'><strong>mihi</strong></span> <span class='ocrx_word' id='word_1_240' title='bbox 728 4243 775 4298; x_wconf 88' lang='lat' dir='ltr'><strong>est</strong></span> <span class='ocrx_word' id='word_1_241' title='bbox 796 4235 865 4296; x_wconf 88' lang='lat' dir='ltr'><strong>data</strong></span> <span class='ocrx_word' id='word_1_242' title='bbox 887 4233 972 4314; x_wconf 89' lang='lat' dir='ltr'><strong>copia</strong></span> <span class='ocrx_word' id='word_1_243' title='bbox 995 4231 1096 4298; x_wconf 89' lang='lat' dir='ltr'><strong>cordis</strong></span> 
     </span>
    </p>

    <p class='ocr_par' dir='ltr' id='par_1_11' title="bbox 146 4343 983 4426">
     <span class='ocr_line' id='line_1_35' title="bbox 146 4343 983 4426; baseline -0.002 -20"><span class='ocrx_word' id='word_1_244' title='bbox 146 4353 193 4406; x_wconf 80' lang='lat'><strong>115</strong></span> <span class='ocrx_word' id='word_1_245' title='bbox 207 4344 341 4406; x_wconf 88' lang='lat' dir='ltr'><strong>Prodere</strong></span> <span class='ocrx_word' id='word_1_246' title='bbox 362 4363 453 4406; x_wconf 89' lang='lat' dir='ltr'><strong>sensa</strong></span> <span class='ocrx_word' id='word_1_247' title='bbox 474 4344 544 4420; x_wconf 87' lang='lat' dir='ltr'><strong>mei,</strong></span> <span class='ocrx_word' id='word_1_248' title='bbox 566 4344 672 4423; x_wconf 77' lang='lat' dir='ltr'><strong>dignas</strong></span> <span class='ocrx_word' id='word_1_249' title='bbox 692 4352 726 4406; x_wconf 91' lang='lat' dir='ltr'><strong>nt</strong></span> <span class='ocrx_word' id='word_1_250' title='bbox 744 4343 862 4426; x_wconf 82' lang='lat' dir='ltr'><strong>scivere</strong></span> <span class='ocrx_word' id='word_1_251' title='bbox 884 4351 983 4422; x_wconf 81' lang='lat' dir='ltr'><strong>grates</strong></span> 
     </span>
    </p>

    <p class='ocr_par' dir='ltr' id='par_1_12' title="bbox 208 4453 1060 4534">
     <span class='ocr_line' id='line_1_36' title="bbox 208 4453 1060 4534; baseline 0 -18"><span class='ocrx_word' id='word_1_252' title='bbox 208 4453 267 4516; x_wconf 93' lang='lat' dir='ltr'><strong>Pro</strong></span> <span class='ocrx_word' id='word_1_253' title='bbox 290 4454 406 4516; x_wconf 91' lang='lat' dir='ltr'><strong>meritis</strong></span> <span class='ocrx_word' id='word_1_254' title='bbox 427 4454 539 4528; x_wconf 63' lang='lat' dir='ltr'><strong>valeam</strong></span> <span class='ocrx_word' id='word_1_255' title='bbox 560 4453 615 4516; x_wconf 90' lang='lat' dir='ltr'><strong>sed</strong></span> <span class='ocrx_word' id='word_1_256' title='bbox 638 4453 688 4533; x_wconf 90' lang='lat' dir='ltr'><strong>qui</strong></span> <span class='ocrx_word' id='word_1_257' title='bbox 711 4453 790 4518; x_wconf 89' lang='lat' dir='ltr'><strong>videt</strong></span> <span class='ocrx_word' id='word_1_258' title='bbox 812 4453 880 4518; x_wconf 60' lang='lat' dir='ltr'><strong>ima,</strong></span> <span class='ocrx_word' id='word_1_259' title='bbox 891 4459 1060 4534; x_wconf 87' lang='lat' dir='ltr'><strong>potestque,</strong></span> 
     </span>
    </p>
   </div>
   <div class='ocr_carea' id='block_1_3' title="bbox 0 0 1622 5396">
    <p class='ocr_par' dir='ltr' id='par_1_13' title="bbox 0 0 1622 5396">
     <span class='ocr_line' id='line_1_37' title="bbox 0 0 1622 5396; baseline 0 1"><span class='ocrx_word' id='word_1_260' title='bbox 0 0 1622 5396; x_wconf 95' lang='lat' dir='ltr'><strong> </strong></span> 
     </span>
    </p>
   </div>
  </div>
 </body>
</html>
