3236 5394
601 595 794 646 intendentur
812 597 855 646 XV.

235 925 384 1005 Quisque,
408 944 499 986 senex
520 932 554 985 ut
574 933 657 986 sutor
679 943 750 986 acus
773 923 802 986 in
825 932 913 986 tenue
935 927 1078 988 foramen.

234 1035 318 1096 Haud
341 1033 427 1096 aliter
446 1033 499 1096 tali
521 1034 763 1112 nos-vestigante
785 1039 910 1107 caterva,

235 1145 281 1205 lde
304 1143 425 1224 quidam
446 1143 606 1206 adveniens
628 1144 723 1218 novit,
745 1143 896 1223 limboque
917 1146 1076 1224 prehendit

235 1254 332 1315 Vestis
355 1261 399 1316 et:
423 1254 483 1328 Ob,
506 1253 632 1315 monstri
655 1253 725 1333 quid
747 1251 802 1314 tn?
824 1255 968 1316 clamarit.
1013 1255 1068 1316 Ubi
1090 1255 1143 1317 ille
1226 1313 1228 1318 ,

186 1375 218 1428 25
234 1363 377 1425 Bracchia
400 1382 447 1424 me
471 1371 573 1425 contra
596 1363 761 1443 protendit,
784 1365 875 1441 figere
898 1364 983 1444 coepi

234 1473 367 1535 Intentos
390 1471 493 1534 oculos
515 1473 668 1534 hominem
689 1481 806 1535 coctum
829 1473 897 1551 igne
918 1491 1085 1552 pererrans,

235 1584 324 1645 Ustus
345 1592 379 1644 ut
400 1590 538 1662 aspectus
560 1583 658 1644 minus
680 1584 760 1644 bunc
782 1581 941 1647 defendere
964 1583 1088 1662 quisset,

237 1693 317 1768 Quin
338 1693 498 1754 internorit
519 1701 639 1755 nostrae
660 1693 704 1754 ris
728 1693 847 1756 conscia
869 1693 996 1755 mentis:

235 1803 453 1882 [declinansque
475 1821 595 1864 manum
617 1803 653 1864 ad
675 1797 903 1876 vultum'illins,
928 1821 979 1865 ora
1001 1804 1124 1866 resolvi:

188 1921 219 1972 30
235 1912 291 1974 llic
313 1893 357 2002 te,
379 1913 552 1986 Bnunnrrn,
575 1910 723 1974 invenio?
746 1914 829 1976 'lunc
851 1912 916 1974 ille:
939 1912 1095 1976 Molestum

235 2023 277 2084 Ne
300 2021 432 2094 ubisit,
455 2022 513 2092 fili,
536 2022 668 2102 paullum
688 2022 814 2102 vestigia
835 2029 915 2084 retro

237 2133 268 2194 Si
290 2140 388 2194 tecum
410 2133 468 2194 fert
488 2133 688 2206 Baunnrrus,·
701 2151 789 2212 quem
810 2140 907 2194 vestra
929 2133 1034 2194 anru

237 2242 330 2308 Terra
350 2253 450 2316 vocat,
474 2241 677 2322 reliquamque
700 2241 772 2304 sinit
792 2243 956 2322 procedere
978 2241 1104 2304 turbam.

278 2352 324 2413 llli
347 2370 417 2431 ego:
441 2352 483 2413 Te
505 2371 574 2413 vero
597 2351 627 2412 id
649 2353 788 2432 precibus
809 2351 973 2434 majoribus
996 2369 1060 2412 nro.

191 2475 221 2528 at
239 2462 325 2536 Quod
349 2461 375 2523 si
397 2463 474 2523 lorte
497 2462 582 2542 cupis
604 2481 651 2523 me
674 2471 771 2525 tecum
793 2464 850 2524 bac
872 2462 971 2524 sidere
993 2461 1068 2541 ripa,

237 2572 270 2634 ld
293 2572 414 2646 laciam,
438 2573 508 2634 dum
530 2572 580 2634 isti
602 2572 733 2653 placeat,
756 2591 883 2653 quocum
905 2572 949 2634 ire
970 2589 1095 2634 neccsse
1118 2580 1172 2634 est.

280 2682 305 2743 0
329 2681 388 2756 lili,
412 2681 547 2762 quisquis
571 2682 708 2744 subsistit
729 2682 766 2744 de
789 2699 877 2762 grege
898 2691 1002 2744 nosue

238 2791 289 2853 Vel
310 2791 480 2865 minimum,
504 2792 590 2866 dixit,
615 2800 757 2855 centenos
779 2792 926 2873 procubat
947 2809 1049 2865 annos,

240 2901 318 2975 Quin
342 2910 431 2980 queat
452 2901 590 2963 obnitens
613 2903 750 2964 manibus
772 2902 933 2982 prohibere
954 2899 1079 2962 favillas.

190 3027 221 3078 to
240 3013 336 3085 Quare
358 3011 368 3071 i
391 3030 479 3091 prae,
502 3011 566 3091 ipse
588 3011 666 3074 latus
687 3013 836 3091 stringens
859 3029 982 3092 sequar,
1005 3021 1094 3089 atque
1117 3019 1263 3072 catervam

237 3121 350 3183 Deinde
372 3139 468 3183 meam
490 3131 622 3201 repetam
644 3141 746 3197 cursu,
770 3141 823 3184 sna
846 3122 952 3182 damna
974 3120 1123 3182 dolentem

237 3232 375 3294 Aeterna.
418 3232 503 3292 Haud
524 3251 572 3294 me
595 3232 710 3293 animus
733 3232 914 3293 descendere
939 3229 1014 3293 calle
1036 3229 1162 3301 sinebat,

238 3341 276 3402 Ut
298 3340 411 3421 pariter
432 3342 585 3420 graderer3
609 3342 724 3405 cervice
746 3349 776 3401 at
797 3359 924 3401 cernuus
946 3337 1035 3410 ibam,

238 3451 334 3530 Atque
357 3451 526 3513 observanti
548 3451 665 3512 similis.
710 3451 785 3512 'lum
807 3449 915 3511 talibus
937 3448 1016 3509 infit:

189 3580 220 3632 45
240 3561 322 3634 Quae
339 3560 411 3621 'sors
433 3569 483 3622 aut
504 3562 594 3622 latum
617 3569 685 3622 ante
708 3569 868 3621 extremam
890 3559 1003 3621 funeris
1024 3559 1128 3619 boram

239 3670 281 3730 'l'e
304 3670 372 3732 tulit
392 3668 473 3732 buc?
496 3671 641 3743 Quisnam
663 3671 736 3743 iste,
759 3671 836 3731 viam
859 3670 909 3749 qui
931 3675 1078 3731 monstrat
1099 3663 1204 3728 cunti?

267 3780 357 3841 'Huic
379 3797 449 3858 ego:
472 3782 557 3861 Apud
580 3781 712 3861 Superos
734 3783 850 3842 fruerer
871 3799 938 3842 cum
960 3780 1026 3840 luce
1049 3795 1163 3848 serena,

238 3889 407 3970 Respondi,
430 3891 535 3952 vallem
558 3891 662 3952 deveni
685 3891 807 3964 devius,
830 3898 898 3970 ante

239 3999 335 4073 Quam
358 4017 477 4062 cursum
498 4001 575 4062 vitae
594 4001 717 4081 ¹plenum
741 4000 905 4062 confecerit
927 4008 1018 4062 aetas.

189 4121 221 4173 50
237 4108 313 4170 Huic
334 4127 421 4171 mane
443 4110 585 4172 hesterno
608 4111 690 4172 solus
712 4112 783 4190 dare
805 4118 887 4188 terga
909 4109 1074 4171 studebam.

237 4220 370 4298 Cumque
392 4219 491 4281 redire
513 4219 584 4282 illuc
608 4221 788 4300 coepissem,
811 4219 861 4281 hic
882 4227 1017 4298 tempore
1039 4217 1071 4278 in
1093 4217 1144 4278 illo

236 4326 352 4403 notuit,
377 4337 465 4408 atque
488 4330 608 4391 domum
630 4349 685 4411 per
706 4331 811 4393 callem
832 4330 913 4391 bunc
934 4347 982 4391 me
1004 4328 1070 4408 ipse
1091 4327 1216 4390 reducit.

114 4478 144 4756 p
279 4437 309 4499 ls
331 4439 422 4500 mibi:
445 4429 516 4512 Ubi,
540 4441 619 4519 qnod
642 4441 699 4502 iter
719 4448 864 4502 monstrat
886 4446 937 4500 tua
958 4437 1059 4511 stella,
1082 4435 1227 4516 sequaris,

182 829 216 879 20
234 815 362 877 Obscuri
386 814 568 894 inspiciunt3
591 815 685 876 aciem
700 818 738 876 'et
758 813 868 892 figebat
888 823 1043 895 utramque

236 4547 352 4609 Nobilis
375 4549 454 4610 haud
476 4549 587 4629 poterit
608 4560 637 4612 te
660 4551 754 4612 lamae
777 4549 879 4612 lallere
901 4556 1015 4628 portua,
