3282 5404
348 515 410 580 320
807 521 942 572 erasnm
959 521 1021 571 ιιιι.

414 737 479 800 Uno
501 737 580 801 haud
603 747 779 804 consistunt.
822 741 956 802 aeterna·
971 739 1012 802 ita
1034 747 1134 804 mente
1156 751 1256 806 ereata

413 847 522 910 Forma
544 848 611 912 exin
633 851 839 930 magis‘atque
860 850 959 912 minus
980 849 1139 914 manifesta
1159 853 1289 932 patescit

414 957 476 1022 Sub
499 958 596 1038 signo.
640 961 737 1035 Quare
759 977 820 1022 non
841 977 909 1022 raro
931 959 1064 1038 sonegia
1086 967 1129 1034 ut,
1152 979 1229 1042 quae

243 1075 249 1086 '
363 1083 397 1138 aa
413 1067 517 1132 Planta
538 1069 642 1132 eadem
664 1070 766 1150 speeie
787 1077 842 1142 est,
865 1067 972 1132 melius
993 1069 1142 1151 pejusque
1166 1072 1274 1134 colono

413 1179 536 1252 Reddat,
561 1187 593 1241 et
611 1179 730 1259 ingenio
752 1179 870 1242 diverso
891 1178 1138 1258 praeditaenrda

414 1287 480 1351 Sint
501 1288 596 1363 robis,
620 1288 746 1352 simuiae
767 1286 843 1351 lueis
863 1289 987 1352 venistis
1010 1289 1041 1350 iu
1062 1307 1142 1352 oras.

415 1399 530 1473 Quodsi
553 1399 620 1480 quis
642 1417 741 1461 ceram
763 1398 912 1460 detinuere
933 1407 1038 1478 posset
1059 1400 1095 1463 ad
1117 1416 1255 1479 ungerem,

413 1507 602 1590 Potieretque
624 1527 677 1570 sua
699 1505 815 1570 eoelum
837 1507 943 1570 virtute
966 1525 1114 1588 suprema,

363 1625 397 1678 'tt
414 1617 489 1680 Tota
512 1637 556 1693 ea,
579 1637 654 1698 quae
675 1617 763 1696 signe
784 1616 834 1680 tux
855 1625 937 1680 esset
957 1617 1065 1690 inusta,
1089 1619 1207 1681 niteret

412 1728 467 1790 Ast
487 1726 568 1790 iliam
590 1745 710 1807 semper
730 1743 863 1788 maneam
887 1733 990 1790 namra
1010 1727 1169 1801 ministrat,

413 1837 480 1898 Non
502 1853 590 1900 seens
612 1845 700 1917 atque
722 1836 824 1917 opifex
845 1835 933 1914 ionga
954 1837 1148 1900 assuetudine
1169 1844 1275 1902 naetus

411 1947 522 2021 Anam,
546 1947 594 2010 cui
612 1947 676 2028 jam
697 1946 799 2008 dextra
822 1946 929 2010 tremit
974 1946 1089 2020 Quodsi
1110 1946 1201 2010 arder
1220 1947 1331 2010 ameris

412 2055 559 2136 Dispnnat
579 2057 694 2137 primae
715 2056 796 2118 darn
818 2056 850 2118 in
873 2056 1033 2138 splendore
1054 2055 1212 2120 ridendam

362 2177 396 2232 tt
412 2165 535 2229 Virtutis
556 2166 698 2246 speeiem,
722 2165 894 2246 signetqum
916 2165 988 2228 hune
1009 2166 1121 2246 optima
1143 2166 1244 2230 inesse

413 2275 526 2338 Cuncta
544 2277 632 2357 aperi
654 2277 768 2340 densat.
811 2275 864 2338 ste
884 2283 963 2338 terra
983 2283 1031 2338 est
1051 2276 1140 2353 digna
1162 2283 1260 2340 aresta

412 2384 528 2448 virtute
550 2387 716 2466 omnigena,
739 2405 798 2467 qua
818 2386 979 2450 humanum
1002 2385 1148 2448 excellere
1169 2393 1275 2466 peetus

412 2494 536 2571 Posset3
558 2496 604 2558 sie
625 2496 743 2576 merida
765 2496 890 2559 ineessit
910 2493 1099 2558 sanctissima
1120 2494 1220 2575 Virgo.

414 2606 512 2680 Quare
533 2605 575 2668 mi
595 2606 743 2669 lanianda
764 2614 833 2669 tuae
854 2613 901 2668 est
921 2605 1068 2668 sententia
1088 2605 1217 2672 mentes

362 2726 397 2782 8⁰
412 2715 497 2778 Haud
519 2734 650 2795 unquam
671 2724 806 2780 ornatam
825 2717 965 2778 rirmmm
986 2715 1057 2778 dete
1079 2716 1173 2778 inisse

412 2825 552 2888 Naturam
573 2826 734 2888 humanam
753 2833 843 2899 tante
867 2832 898 2888 et
918 2843 980 2888 nen
1000 2826 1094 2888 auore
1115 2823 1251 2906 posthae,

413 2936 530 3010 Quanta
552 2935 625 2998 illas.
640 2935 737 2998 binas.
780 2935 866 2998 Nune
887 2935 914 2998 si
935 2952 997 2997 non
1017 2953 1183 3016 persequar
1202 2935 1289 3009 uiua,

412 3045 459 3108 Τιι
480 3045 524 3108 si'e
545 3045 689 3126 incipies:
713 3046 772 3108 Cur
792 3063 864 3125 erge
887 3046 1010 3108 eredere
1031 3044 1152 3126 ἀίειιιιιιι
1175 3053 1230 3120 est,

411 3155 499 3218 Eune
519 3154 579 3218 sibi
600 3173 662 3218 non
682 3155 823 3218 habuisse
845 3153 972 3236 peremi
992 3155 1056 3230 Ast,
1078 3163 1111 3218 ιιι
1132 3154 1211 3218 dara
1232 3162 1372 3236 patescat,

361 3279 395 3334 85
413 3266 496 3340 Quae
518 3284 568 3328 res
589 3264 717 3328 obseura
739 3273 795 3340 est,
818 3273 850 3328 tu
870 3273 969 3328 temm
990 3265 1227 3344 pentametris,

413 3375 514 3449 Qualis
536 3372 625 3438 erati
646 3394 723 3455 quae
745 3393 851 3438 nausea
871 3376 936 3447 ierit,
959 3393 1036 3456 quae
1058 3375 1188 3438 suaserit
1208 3374 1252 3436 iili

410 3484 550 3559 Poscere,
574 3483 625 3546 ubi
647 3484 757 3548 ticum
779 3493 840 3548 est:
864 3485 920 3550 err
934 3482 1078 3566 possita?
1098 3485 1166 3546 Non
1188 3501 1243 3564 ege
1265 3482 1324 3548 dixi

411 3594 484 3656 Tam
506 3601 592 3670 tecte,
616 3603 648 3656 ut
668 3613 801 3675 nequeas
822 3595 853 3656 id
876 3595 1053 3675 conjectare,
1076 3594 1172 3656 inisse

409 3704 529 3784 Regem,
552 3705 601 3766 eui
622 3705 679 3767 init
699 3705 731 3766 in
753 3705 877 3767 summm
899 3705 1045 3785 sapientia
1065 3704 1152 3780 rotis,

359 3825 393 3879 ιι
409 3814 448 3876 ΙΙι
467 3831 573 3892 regere
593 3813 711 3894 imperii
733 3814 825 3878 semet
845 3814 920 3878 satis
941 3822 1027 3895 aptus
1048 3814 1189 3878 habenas.

408 3924 475 3986 Non
496 3932 537 3999 ut,
559 3931 632 4005 quot
653 3941 778 3986 numere
799 3933 933 3987 meteres
954 3933 1034 3988 astra
1056 3923 1230 4004 gubernant,

409 4033 514 4109 Sciret,
538 4051 672 4114 quasque
693 4032 815 4097 scholae
836 4035 937 4109 trinas,
960 4043 990 4098 et
1010 4035 1112 4098 inania
1132 4041 1264 4108 nectunt,

409 4143 490 4206 Seite
512 4143 679 4206 nutricaret
723 4132 818 4219 Nuness
841 4145 867 4206 si
889 4163 956 4208 maa
976 4145 1056 4208 dieta
1076 4145 1197 4219 notasti,

410 4253 492 4327 Quae
513 4253 585 4316 iacit
606 4254 643 4317 ad
664 4271 765 4333 regem
787 4255 954 4334 pmdentia,
976 4254 1100 4334 provida
1121 4272 1207 4316 mens
1229 4261 1275 4316 est

357 4371 391 4426 tt
407 4362 527 4442 absque
549 4364 640 4444 pari..
666 4364 733 4427 Hue
754 4363 856 4427 tende.
899 4363 986 4426 Nune
1007 4364 1034 4426 si
1056 4373 1105 4426 sat
1125 4364 1237 4427 iumine
1259 4361 1340 4426 elaro

408 4469 592 4536 Sarrastras
611 4472 695 4535 rides
717 4491 771 4536 eur
792 4472 863 4548 diri,
885 4474 941 4536 rite
962 4473 1081 4538 ridebis
