3236 5394
335 511 712 520 --—-.——-.—----—.---—-

569 567 762 620 lNl'EllNOllllbl
779 571 865 622 xxvtt.

885 667 1321 678 Ἣ

103 787 106 863 l
215 787 275 849 Sed
296 785 415 866 vulpem
437 787 546 848 fecere.
588 791 679 849 Astus
701 807 918 869 quoscumque,
941 792 1064 870 peritus,

166 906 197 956 70
215 899 412 974 secretasque
436 895 498 956 vias
520 897 602 970 novi,
628 897 723 958 etsie
746 899 844 960 omnia
866 901 947 961 vaire

103 977 105 1093 i
213 1005 347 1083 Digessi,
371 1013 507 1066 externas
530 1015 561 1067 ut
584 1008 660 1068 fama
684 1008 779 1069 exiret
800 1009 830 1068 in
853 1009 953 1071 urbes

103 1121 105 1195 t
214 1115 251 1175 tt
273 1115 362 1176 simul
384 1116 488 1176 aetatis
511 1135 558 1178 me
580 1117 641 1178 vidi
663 1116 766 1178 limine
789 1118 820 1178 in
842 1118 903 1191 illo,

102 1215 105 1336 p
214 1224 248 1284 ln
271 1244 329 1304 quo
353 1223 459 1303 cuique
482 1227 560 1287 loret
581 1227 674 1287 satius
698 1227 845 1289 deducere
866 1228 940 1300 vela,

102 1345 104 1410 t
216 1334 362 1412 Colligere
385 1345 414 1396 et
436 1335 537 1409 funes,
561 1344 630 1398 tunc
651 1355 765 1410 rerum,
790 1355 865 1416 quac
888 1347 955 1398 ante
977 1338 1144 1417 placebant,

102 1419 104 1528 Ξ
167 1443 361 1508 censemini
383 1453 568 1523 pertaesum,
592 1447 731 1506 confesso
754 1446 878 1508 crimina
899 1447 976 1508 vitae

216 1555 326 1615 Cuncta
350 1563 379 1616 et
402 1563 508 1616 testato
531 1573 578 1616 me
601 1557 787 1634 poenituisse
806 1557 970 1632 melorum,

102 1635 104 1648 Ι
214 1664 420 1754 Atquebaec,
443 1683 490 1725 me
513 1664 669 1726 miserum!
689 1665 816 1745 juvisset
836 1685 922 1728 versa
945 1667 1089 1728 voluntas.

102 1758 104 1814 l
215 1773 359 1853 Princeps
381 1782 551 1836 nostrorum
573 1791 668 1836 novus
690 1776 747 1836 iste
769 1775 998 1837 Pharisaeorum

102 1918 104 1927 ,
216 1883 381 1964 Tempore,
405 1902 462 1963 quo
482 1885 564 1964 juxta
586 1886 765 1946 Lateranum
787 1884 865 1946 bella
888 1885 1017 1964 gerebat,

166 2007 199 2060 80
214 1992 279 2053 Non
298 1993 361 2072 jam
382 1994 503 2055 ludaeis
525 1995 677 2067 infensus,
700 2013 757 2055 nec
779 1995 952 2069 Saracenis3

215 2102 416 2164 christiadum
437 2121 506 2192 nam
528 2115 614 2182 gente
636 2113 717 2165 satos
739 2104 798 2165 sibi
820 2105 943 2166 duxerat
962 2106 1076 2178 hostes,

215 2211 252 2273 Et
273 2231 397 2274 numero
421 2232 456 2274 ex
479 2213 529 2273 illo
553 2233 639 2274 nemo
663 2222 886 2293 oppugnaverat
905 2213 1005 2287 Acria,

214 2322 308 2383 Nemo
332 2330 479 2383 mercator
500 2323 615 2384 Sullani
637 2323 796 2384 intraverat
816 2324 922 2395 urbes3

215 2431 276 2492 Nec
298 2450 445 2492 summum
468 2431 585 2512 imperii
609 2451 730 2507 munus,
755 2451 810 2494 nec
832 2433 991 2494 chrismata
1014 2451 1098 2494 sacra

167 2551 198 2604 85
215 2541 247 2602 ln
271 2561 304 2602 se
327 2541 472 2621 respexit,
496 2561 552 2602 nec
574 2543 653 2622 quod
674 2551 798 2603 tenuare
819 2542 982 2621 capistrum

161 2667 166 2676 ·
215 2651 407 2713 Praecinctos
429 2651 520 2724 solet,
543 2651 574 2712 in
593 2670 641 2712 me
663 2651 767 2714 habuit
788 2653 928 2732 duxitque
949 2654 1120 2714 verendum.

216 2761 324 2822 Verum
345 2769 378 2821 ut
399 2764 587 2824 Sravasrnuu
609 2761 757 2822 inclusum
780 2763 902 2824 Soracte
924 2763 1029 2842 petivit

217 2871 455 2943 Consentinum,
479 2878 511 2931 ut
533 2891 548 2931 a
570 2872 653 2951 lepra
676 2891 708 2932 se
730 2872 862 2934 mitteret
883 2872 944 2933 acri

104 3017 106 3029 ι
216 2981 343 3042 Sanum:
368 2981 409 3041 ita
431 2987 464 3041 ut
485 2989 514 3041 et
535 2980 593 3040 sibi
616 2990 793 3061 praeceptor
814 2982 922 3043 febrim
944 2983 1009 3062 ipse
1032 2985 1190 3064 superbam

167 3103 198 3155 9⁰
216 3091 375 3162 Sanarem,
398 3109 445 3152 me
470 3091 627 3152 consuluit.
670 3091 743 3152 Mihi
765 3091 900 3153 lancibus
922 3092 1021 3154 haesit

214 3201 277 3260 Vox
298 3207 398 3274 muto,
421 3200 465 3260 sio
487 3201 576 3261 verba
598 3201 728 3262 bominis
751 3212 821 3261 sunt
842 3201 924 3262 ebria
946 3202 1018 3263 visa.

215 3309 329 3370 Deinde
351 3309 462 3390 inquit:
485 3310 572 3371 Nullo
595 3311 745 3390 trepident
766 3310 821 3370 tibi
844 3310 934 3370 corda
957 3311 1078 3386 timore3

215 3419 278 3480 llac
300 3427 330 3479 te
353 3418 474 3480 absolvo
497 3427 600 3492 tenus3
623 3421 806 3482 Praenesten
829 3421 978 3499 quomodo
1001 3421 1115 3500 possim

215 3529 352 3601 Vertere,
376 3535 407 3590 tu
430 3537 542 3590 tantum
565 3529 684 3590 doceas.
728 3530 799 3591 lllihi
822 3530 959 3591 claudere
980 3531 1106 3604 coelum,

169 3649 199 3702 95
215 3637 253 3698 Et
274 3657 409 3700 reserare
432 3640 547 3712 datum,
567 3639 630 3719 jam
653 3640 730 3713 scis,
754 3659 844 3720 quare
866 3640 939 3701 mibi
963 3641 1060 3702 claves
1083 3688 1097 3714 ,
1183 3619 1185 3624 ’

218 3747 294 3808 Sunt
316 3747 464 3824 geminae,
489 3767 562 3827 quas
585 3749 634 3812 ille
658 3768 761 3828 parum
784 3751 872 3811 modo
896 3751 1014 3811 functus
1036 3751 1152 3811 curarit.

259 3857 336 3917 'lum
358 3875 443 3935 grave
466 3857 612 3919 dictorum
635 3861 752 3938 pondus
775 3878 821 3920 me
842 3860 968 3939 pressit,
992 3868 1024 3920 ut
1044 3859 1120 3921 ultra

217 3966 404 4028 Conticuisse
426 3967 499 4028 mihi
521 3987 605 4030 rerer
626 3970 721 4046 magis
744 3971 835 4032 affore
858 3970 975 4031 damno.

102 4141 104 4150 ¹
215 4078 311 4156 Atque
335 4075 375 4137 ita
398 4078 559 4158 respondi:
584 4078 731 4151 Quoniam
752 4097 815 4152 mc,
838 4079 951 4142 crimen
973 4079 1004 4140 in
1026 4078 1106 4140 istud

101 4154 104 4293 ἰ
153 4195 199 4249 tuo
215 4187 280 4247 Jam
298 4185 360 4265 jam
382 4187 551 4266 lapsurum,
568 4188 677 4261 Pater,
701 4189 811 4261 abluis,
834 4188 951 4268 accipe:
974 4187 1096 4266 longum

101 4304 103 4406 p
214 4295 247 4355 ln
270 4295 420 4374 promissa
442 4296 547 4370 abeas,
570 4297 729 4378 promissis
751 4298 851 4360 addito
875 4305 988 4360 curtam

100 4409 103 4455 l
214 4405 282 4483 lpse
304 4405 410 4479 fidem,
433 4413 463 4466 et
484 4406 575 4467 duces
598 4415 681 4467 stans
703 4407 760 4468 alta
783 4409 813 4469 in
837 4409 908 4470 sede
929 4408 1121 4488 triumphum.

99 4460 310 4722 tht
331 4514 381 4576 ubi
402 4515 581 4577 Francisous
602 4515 700 4594 gelida
721 4537 768 4579 me
790 4526 885 4580 morte
908 4518 1036 4581 solutum
1330 4591 1331 4600 χ
