3236 5394
621 577 816 630 lllTllllNOllllll
833 581 877 630 xv.

196 807 232 858 tto
249 798 405 870 Insistam,
431 795 637 876 quodcumque
660 797 731 859 velit
751 798 884 871 fortuna,
907 808 1028 878 paratus

251 908 379 988 Carpere
402 907 475 982 iter3
498 883 596 986 nequi
617 907 696 968 enim
719 925 813 968 novus
837 908 957 970 auribus
980 911 1107 972 arrhabo
1129 912 1241 974 nostris

251 1017 360 1096 Surgit.
404 1018 442 1078 At
462 1017 528 1096 ipsa
551 1034 623 1078 suos
646 1017 734 1078 orbes
757 1018 891 1090 fortuna,
913 1018 1059 1082 bubulcus

250 1128 307 1188 Pro
329 1126 424 1189 lubito
446 1134 546 1188 verset
566 1133 690 1188 rastros.
714 1161 755 1174 -
777 1125 853 1190 Turn
874 1136 988 1190 vertere
1009 1129 1117 1192 malam

250 1237 431 1316 Praeceptor
452 1237 585 1298 dextram
605 1247 701 1308 retro,
725 1243 756 1298 et
778 1255 826 1297 me
848 1237 1013 1316 respicere,
1037 1247 1125 1318 atque
1147 1240 1203 1302 hos

196 1354 231 1407 95
250 1346 385 1408 Reddere
408 1347 516 1408 deinde
539 1365 648 1408 sonos:
670 1346 752 1407 Bene
774 1345 801 1405 is
824 1346 921 1419 audit,
946 1347 996 1426 qui
1018 1357 1103 1410 notat
1123 1369 1193 1412 aure

250 1456 403 1536 Percepta.
448 1455 532 1517 Haud
554 1465 653 1517 tamen
675 1455 789 1516 interea
812 1471 950 1519 sermone
972 1475 1077 1536 rogare

250 1565 430 1626 Bnunnrruu
453 1565 567 1628 absisto
590 1565 690 1627 socios
712 1550 770 1626 hoe
793 1581 913 1628 earcere
936 1565 1063 1640 clausos,

252 1675 384 1749 Quorum
406 1677 484 1736 lama
506 1674 601 1753 magis
623 1674 728 1748 micet,
752 1682 782 1737 et
804 1674 925 1737 tollatur
946 1675 977 1736 in
999 1677 1101 1740 altum.

292 1786 321 1847 ls
344 1784 434 1846 mihi:
459 1785 543 1848 Scire
565 1783 685 1876 bonum*
699 1791 746 1846 est
767 1784 901 1864 aliquos:
924 1784 1073 1848 laudabile
1094 1787 1194 1868 lingua

181 1910 232 1960 loo
250 1895 446 1956 Praetoriisse
466 1893 557 1968 alios3
578 1903 623 1956 tot
645 1894 724 1956 enim
746 1913 793 1956 me
815 1893 937 1956 nomina
960 1897 1072 1960 fantem

251 2005 381 2084 Tempus
404 2005 555 2066 deiiceret
599 2004 697 2077 Scito,
722 2023 790 2066 csse
813 2004 975 2066 exordiae
998 2016 1132 2080 cunctos,

251 2115 304 2178 Cui
326 2115 435 2182 nudata
456 2113 527 2194 pilis
550 2114 658 2194 eapitis
679 2114 756 2175 ontis
779 2113 906 2194 explicat
929 2115 1042 2188 orbem,

249 2225 356 2287 Multos
379 2223 514 2286 doctrina
536 2202 686 2302 insignes,
709 2242 877 2304 magnoque
900 2224 1017 2298 decore,

251 2335 391 2416 Turpiter
412 2334 444 2394 in
466 2333 554 2394 terris
576 2335 740 2396 maculatos
763 2334 887 2396 crimine
910 2333 1026 2396 eodem.

182 2451 232 2504 105
293 2445 344 2507 llla
368 2445 543 2505 Pnrsuranos
566 2462 632 2505 oum
654 2443 741 2505 turha
762 2443 890 2515 incedit,
913 2443 945 2505 in
966 2443 1016 2505 illa
1039 2455 1087 2508 est

250 2555 356 2616 Editus
376 2555 504 2615 Acouasr
525 2554 716 2616 Faenerscus.
761 2553 890 2616 Cernere
912 2553 1054 2650 qgissem,

251 2664 282 2728 Si
306 2664 379 2725 mihi
399 2677 472 2725 cura
494 2663 582 2743 hujus
604 2663 766 2744 porrigiois
789 2663 848 2726 ulla
870 2663 987 2737 luisset,
1074 2677 1075 2682 ’

250 2775 350 2849 lllnm,
375 2793 462 2854 quem
485 2776 595 2837 Servus
617 2791 771 2835 servorum
789 2773 923 2854 jusserat
942 2780 1054 2836 Arnum

250 2885 423 2945 Permutare
444 2883 508 2944 oris
530 2883 685 2954 Retronis,
709 2883 760 2944 uhi
781 2884 859 2945 male
882 2892 985 2946 tensos

181 3004 232 3055 llo
249 2994 279 3054 ls
301 2993 389 3072 liquit
409 3011 527 3055 nervos.
571 2993 765 3056 Memorarem
787 2993 889 3074 plura3
913 3001 943 3056 at
965 2995 1054 3056 eundi

249 3103 382 3181 Longius
404 3103 538 3165 otiandi
560 3103 684 3165 ulterius
706 3122 754 3165 me
778 3104 864 3184 copia
886 3103 971 3182 fugit.

250 3215 384 3292 Namque
406 3231 515 3274 novum
536 3213 622 3275 video
645 3214 757 3274 tomum
780 3229 961 3291 concingere
983 3232 1083 3286 arena,

250 3323 288 3384 m
309 3339 382 3401 gens
403 3323 558 3395 adventat,
581 3341 709 3403 quacum
730 3322 819 3382 simul
842 3341 909 3382 esse
931 3331 1073 3384 vetamur.

252 3432 397 3494 Thesauri
419 3433 475 3494 tibi
496 3452 569 3494 cura
589 3433 650 3494 mei
671 3432 714 3493 sit
734 3430 853 3503 sedula,
876 3431 908 3492 in
931 3430 982 3492 illo

181 3542 340 3604 tiuvinus
363 3543 460 3604 adhuc
482 3542 580 3622 spiro,
603 3561 700 3622 neque
722 3550 751 3602 te
774 3559 864 3602 orans
886 3541 972 3620 plura
994 3541 1143 3603 moralaor.
1237 3585 1240 3592 .

294 3653 391 3730 Terga
414 3651 523 3716 deinde
544 3652 630 3726 dato,
654 3651 779 3730 vestigia
800 3653 937 3712 llammea
959 3651 1049 3724 flexit,

254 3763 290 3825 Ut
312 3763 363 3843 qui
383 3763 518 3848 Toronae
539 3762 666 3824 tendunt
687 3761 779 3824 celeri
801 3762 878 3841 pede
901 3780 1020 3822 cursum

252 3874 310 3934 Per
332 3889 485 3952 campumt,
506 3871 611 3934 viridis
632 3880 781 3934 certantes
803 3871 922 3933 vincere
944 3871 1034 3951 panni

252 3982 403 4056 Praemia,
427 3990 459 4044 at
479 4001 515 4043 ex
535 3982 619 4054 istis,
644 3981 692 4044 eui
711 3982 765 4043 dat
785 3981 910 4043 victoria
931 3981 1049 4046 laudem

185 4101 234 4152 120
253 4092 340 4155 Visus
354 4100 429 4155 erat
449 4092 573 4164 similis,
596 4111 657 4153 non
677 4091 727 4153 cui
749 4111 804 4171 pes
825 4099 925 4154 cessat
946 4091 1085 4154 intruso.
