3234 5396
343 531 406 594 228
769 531 950 584 euoenrouu
969 532 1044 584 xxiv.

411 751 530 814 Circum
551 750 641 812 orbes
661 749 781 824 montis,
806 750 857 830 qui
877 769 969 831 passu
990 749 1131 813 incedere
1151 760 1234 816 recto

410 862 470 923 Vos
493 862 581 924 docet
602 861 699 923 insani
721 858 798 922 male
821 867 916 922 tortos
938 859 1056 923 turbine
1077 861 1190 934 morndi,

343 973 392 1026 12⁰
409 971 521 1045 Traxit,
543 979 573 1032 et
592 971 619 1032 is
642 969 780 1031 comitem
802 970 929 1049 spondet
949 969 1023 1031 mihi
1045 989 1078 1032 se
1100 989 1167 1033 esse
1189 971 1329 1048 tutorum,

409 1082 510 1144 Donec
532 1080 685 1142 deveniam
706 1078 782 1151 loca,
805 1077 856 1140 ubi
878 1079 1054 1142 invenienda
1075 1079 1206 1142 Beiram

408 1191 462 1253 Est
482 1190 570 1253 mihi:
594 1198 623 1252 et
643 1189 692 1252 hie
713 1189 771 1251 isto
794 1187 901 1252 comite
924 1196 954 1250 et
974 1189 1096 1252 doctore
1120 1192 1281 1254 carendum
1303 1198 1359 1253 est.

407 1300 502 1380 Atque
524 1299 562 1374 is,
584 1298 635 1379 qui
656 1315 774 1360 mecum
795 1298 954 1378 promissis
977 1299 1069 1361 utitur
1089 1300 1155 1362 istis

406 1410 471 1483 Hic,
494 1417 540 1471 cst
560 1409 725 1482 vincimus,
747 1407 891 1486 libuitque
913 1407 1070 1470 ostendere
1093 1409 1197 1472 turbae

343 1519 582 1593 laevinorum
605 1519 657 1580 sed
680 1536 755 1598 quae
777 1535 833 1578 nos
855 1526 979 1596 propter
1000 1516 1170 1580 obambulat
1192 1518 1306 1591 umbra,

405 1628 459 1692 Illa
481 1629 585 1691 eadem
608 1634 661 1700 est,
684 1645 740 1707 per
761 1645 849 1707 quam
869 1627 1044 1690 tremefacta
1064 1629 1204 1706 remugiit
1225 1629 1324 1690 omnis

406 1738 500 1816 Regni
521 1737 611 1818 hujus
632 1754 733 1816 rupes,
757 1754 832 1815 quac
854 1735 934 1798 illam
956 1755 1009 1799 sua
1028 1736 1121 1818 jussit
1140 1737 1260 1800 hebere.
1363 1810 1365 1814 ¹

881 1997 993 2081 XXIV.

405 2177 466 2240 Nec
487 2197 542 2258 pes
564 2194 743 2250 sermonem,
766 2193 822 2237 nec
842 2176 952 2240 leutius
974 2177 1018 2239 ire
1035 2173 1160 2256 jubebat

405 2287 511 2350 Sermo
532 2286 657 2368 pedem3
679 2286 734 2349 sed
755 2303 811 2346 nos
834 2286 930 2350 tentes
952 2303 1114 2367 properare
1134 2283 1277 2359 vicissim,

404 2398 442 2462 Ut
462 2405 550 2460 vento
572 2397 645 2460 ratis
667 2403 731 2458 acta
753 2394 846 2459 hono.
888 2395 925 2458 Et
947 2415 1022 2476 quac
1044 2396 1145 2458 iuncta
1167 2396 1299 2458 secunda
1390 2407 1393 2416 ’

403 2508 499 2569 Morte
519 2504 696 2568 videbantur
718 2505 877 2568 simulacra
900 2506 1030 2568 carentia
1052 2521 1153 2577 succo,

371 2617 462 2679 aPer
484 2634 587 2679 caveas
610 2615 756 2697 cujusque
779 2614 857 2676 oculi
878 2623 993 2678 traxere
1015 2621 1177 2694 stuporem,

406 2727 442 2790 Ut
462 2743 594 2800 sensere,
618 2743 704 2787 auras
725 2742 773 2786 me
795 2725 904 2787 ducere
926 2743 1053 2805 corpore
1074 2725 1150 2786 vivo.

445 2835 541 2915 Atque
563 2853 618 2914 ego
641 2851 810 2896 sermonem
832 2835 991 2896 insistens:
1013 2834 1093 2896 Haeo
1115 2833 1221 2908 serius,
1244 2834 1374 2914 inquam,

401 2946 538 3008 Forsitan
560 2943 681 3008 alterius
703 2963 808 3006 caussa
830 2944 1006 3006 conscendit
1027 2942 1195 3023 Olympum.

402 3055 439 3117 tt
461 3055 519 3129 dic,
542 3054 569 3116 si
591 3062 694 3116 uotum
715 3063 770 3128 est,
793 3054 912 3116 ubinam
933 3053 1081 3114 Pacemne
1102 3051 1258 3116 moraturi

353 3177 386 3230 lo
402 3164 464 3238 Dic,
487 3183 559 3226 num
581 3183 670 3244 quem
690 3164 816 3237 rideam,
840 3181 928 3244 quem
951 3163 1071 3241 dignum
1092 3181 1160 3226 rere
1181 3161 1308 3226 notatu?

413 3275 549 3354 ‘lsquet
571 3273 665 3336 Soror
685 3293 761 3348 mea,
783 3291 859 3352 quae
881 3272 938 3334 sita
960 3281 1022 3335 erat
1042 3271 1198 3354 pulchram
1220 3274 1300 3336 iuter
1320 3282 1351 3335 et
1372 3274 1448 3336 iuter

401 3383 549 3458 Sanctam,
571 3391 604 3445 ut
625 3383 784 3457 nescirem,
807 3401 865 3462 qua
885 3382 1016 3462 primum
1037 3383 1116 3444 hanc
1137 3381 1222 3445 laude
1245 3391 1388 3459 notarem,

400 3493 491 3556 Laeta
513 3494 591 3555 inter
611 3493 744 3572 Superos
767 3505 847 3554 serto
866 3493 928 3572 jam
950 3493 1046 3555 cincta
1067 3491 1238 3572 triumphat.

401 3601 485 3666 Talia
506 3619 578 3664 voce
600 3603 684 3682 prius
705 3603 818 3678 reddin
841 3601 925 3664 dein:
946 3602 1041 3665 Nemo
1062 3609 1177 3663 vetatur

351 3720 383 3774 la
400 3712 527 3774 Nomine
549 3731 697 3792 quemque
720 3731 784 3785 suo,
809 3712 948 3792 quonism
966 3712 1083 3793 jejunia
1103 3711 1202 3788 vultus

400 3821 537 3885 Emuneti
557 3821 652 3884 macie
670 3822 734 3903 jam
755 3821 892 3884 delevere
913 3822 1045 3900 figruom,

401 3931 535 4008 signare.
577 3932 634 3995 ilic
655 3932 790 4010 (digitum
812 3942 843 3994 et
865 3931 968 4008 tendit)
989 3930 1179 3993 Boussuucrs
1199 3939 1321 3994 vocatur

398 4040 571 4103 Locrensis.
613 4041 674 4104 Sed
697 4060 771 4122 quae
792 4041 925 4122 reliquis¹
938 4041 1032 4120 magis
1054 4042 1136 4104 arida
1157 4041 1256 4122 pallet,

399 4149 482 4212 Illius
504 4158 552 4212 est
572 4150 674 4224 iacies,
697 4151 745 4212 cui
767 4157 869 4212 sancta
889 4150 1017 4214 ecclesia
1039 4152 1188 4232 quondam

349 4269 384 4321 2⁰
400 4259 517 4339 Sponsa
540 4261 603 4334 suit,
627 4259 738 4340 quique
759 4269 808 4344 est
827 4268 924 4322 retro:
946 4262 1017 4324 Fuit
1036 4261 1086 4324 ilie
1109 4262 1250 4338 Turonis,

399 4369 551 4446 triguillas
573 4370 624 4450 qui
644 4370 848 4432 Volsinienses
869 4372 1027 4450 purgatio
1049 4371 1118 4434 albo

398 4478 566 4542 Exstinctas
585 4481 669 4555 rino;
690 4489 824 4544 sennem
844 4481 934 4542 modo
954 4481 1038 4560 luget
1058 4481 1186 4545 inanem.
