3362 5414
343 563 385 640 22
794 560 988 618 rumnucnuu
1005 561 1030 616 r.

300 660 623 670 ——--——-.-..⁴.—--
631 660 717 666 .—

410 787 492 848 Haec
514 786 640 848 animae.
684 786 779 867 thue
801 787 868 848 illas
891 785 990 848 audiri
1012 786 1112 848 dicere
1134 785 1242 858 laesas,

344 903 393 956 1⁰5
410 895 524 959 llemisi
546 895 672 969 vultum,
695 905 725 958 et
746 896 828 958 tenui
850 904 912 958 tam
934 896 1044 958 lumina
1066 905 1163 958 terrae

410 1005 481 1068 Fixa
504 1005 571 1078 diu,
594 1007 664 1074 dum
687 1005 785 1086 inquit
805 1015 904 1068 vates:
929 1006 1007 1079 Quid
1029 1001 1304 1070 menterevolris‘l

452 1115 529 1177 Huic
550 1133 622 1194 ego,
646 1115 695 1178 ubi
716 1115 819 1196 potui,
843 1125 962 1180 canna:
985 1113 1066 1178 lleul
1090 1123 1163 1196 qrrct
1184 1115 1282 1178 dulcia
1305 1133 1405 1189 sensa,

348 1275 351 1288 .
411 1226 492 1299 Quot
512 1225 654 1288 desiderii
676 1227 784 1288 lluctus
807 1225 916 1288 duxere
945 1225 1082 1288 dolorum

410 1335 443 1396 ln
468 1343 580 1397 tantum
601 1335 656 1398 has
677 1334 865 1398 barathrum!
889 1335 1022 1398 Tandem
1044 1353 1206 1398 conversus
1228 1334 1267 1397 ad
1288 1335 1371 1416 ipsas

345 1449 394 1500 110
411 1444 453 1506 Os
476 1443 566 1530 solvi,
591 1445 757 1524 coepique:
781 1445 852 1519 Tui,
875 1446 1054 1519 l'nurrcrscn,
1078 1444 1199 1508 dolores

409 1553 455 1616 lle
477 1553 593 1616 tristem
616 1562 704 1634 atque
726 1554 809 1634 pium
832 1553 962 1628 iaciunt,
986 1565 1017 1616 et
1038 1555 1162 1616 tundere
1185 1555 1283 1634 largos
1312 1585 1315 1592 ·

410 1662 598 1744 compellunt
620 1663 717 1725 lletus.
762 1664 822 1726 Sed
844 1663 908 1726 dic:
933 1665 1000 1737 Quo
1022 1673 1158 1744 tempore
1180 1664 1278 1727 dulcis

407 1772 565 1854 Expressit
586 1771 677 1834 tacito
700 1773 829 1852 suspiria
852 1783 977 1858 pectore
999 1793 1079 1847 cura,

409 1882 495 1943 Tunc
517 1901 602 1944 amor
623 1882 701 1943 unde
724 1882 820 1955 dedit,
843 1895 873 1944 et
895 1884 1045 1963 quomodo
1067 1903 1194 1946 noscere
1215 1893 1284 1946 vota

344 1997 392 2052 rto
410 1990 516 2053 (lerdis
539 1991 570 2052 in
593 1992 731 2071 ambiguo
753 1990 957 2073 trepidantis?
977 1995 1016 2055 At
1036 1993 1102 2055 illa:
1125 1993 1245 2056 llclcris

409 2101 460 2162 llis
483 2101 561 2164 nulla
586 2110 632 2162 est
653 2101 762 2182 major,
786 2121 889 2183 quarn,
912 2103 992 2165 mole
1014 2112 1168 2184 premente
1189 2104 1344 2179 malorum,

411 2211 650 2276 Commemorare
672 2212 737 2275 dies
759 2214 831 2275 olim
853 2213 981 2276 feliciter
1001 2220 1095 2286 actos,

410 2322 504 2401 ldque
527 2330 594 2382 tuus
617 2323 723 2384 doctor
745 2341 806 2384 non
825 2323 966 2402 ignorare
987 2324 1114 2387 vinoun.

410 2437 448 2492 At
470 2431 496 2492 si
518 2439 599 2492 tanta
622 2442 672 2492 tuo
695 2432 822 2512 primam
845 2451 1028 2512 cognoscem
1051 2434 1163 2498 amoris

345 2545 394 2597 12⁰
410 2540 552 2602 Radicem
574 2540 669 2604 nostri
692 2542 771 2603 sedit
792 2542 848 2604 sub
870 2544 961 2605 corde
983 2543 1102 2624 cupido,

410 2651 444 2713 ld
466 2669 549 2712 more
572 2650 700 2714 efficiam
722 2651 838 2725 llentis,
861 2653 1033 2734 pariterque
1055 2653 1215 2734 loquentis.

411 2761 501 2823 Forte
522 2761 710 2840 legebamus,
734 2771 872 2824 curantes
895 2763 1010 2826 solvere
1032 2773 1171 2838 mentem,

411 2871 447 2932 Ut
469 2871 689 2932 Lmosuuororr
711 2871 852 2934 violentia
874 2872 968 2936 vinxit
989 2874 1116 2935 amoris:

412 2979 476 3042 Soli
498 2981 656 3061 securique
678 2992 775 3043 metus
798 2983 960 3044 stabamus.
1004 2984 1168 3064 Utrumque

346 3095 394 3151 125
411 3091 465 3152 llle
486 3089 563 3152 liber
583 3090 679 3153 lectus
701 3110 848 3172 persaepe
870 3093 1005 3155 attollere
1028 3092 1130 3171 adegit

411 3199 538 3262 Lumina
560 3200 591 3262 in
614 3200 737 3264 alterius
760 3202 886 3276 nultum,
910 3211 1063 3282 mutatque
1086 3203 1233 3279 colorcm3

411 3311 449 3373 At
471 3310 570 3372 subito
592 3322 735 3390 punctum
758 3331 814 3373 nos
835 3311 907 3376 vicit
928 3312 1074 3394 temporis
1096 3331 1197 3376 uornn.

411 3421 487 3482 Nam
509 3420 598 3481 simul
620 3421 714 3500 optati
736 3421 870 3484 adeona
887 3423 1014 3501 legimus
1037 3422 1099 3485 oris

410 3531 507 3592 Labra
528 3529 624 3592 virum
646 3538 760 3594 tantum
778 3531 863 3593 labro
885 3532 1036 3612 pressisse
1058 3533 1155 3596 tenaci

346 3646 396 3698 130
413 3639 522 3702 Oscula
544 3641 703 3718 figentem,
723 3641 789 3715 hic,
813 3659 901 3721 quem
924 3661 941 3702 a
962 3661 1010 3704 me
1032 3660 1121 3704 nemo
1144 3642 1297 3706 abstrahet
1316 3663 1458 3726 nuqrram,

414 3749 523 3810 Oscula
546 3749 705 3830 corripuit,
730 3759 893 3830 uestroque
915 3751 1060 3831 pependit
1081 3752 1118 3814 ab
1141 3772 1193 3816 ore

413 3859 513 3939 Usque
535 3867 678 3922 tremens.
721 3859 791 3921 Fuit
811 3859 862 3921 ille
884 3859 962 3922 liber
983 3861 1159 3937 Genaunes,
1183 3872 1213 3924 et
1234 3863 1301 3944 ipse

414 3969 560 4049 Scriptor.
603 3970 677 4032 Post
698 3969 779 4032 illam
798 3970 926 4032 ulterius
949 3989 1010 4034 non
1032 3971 1158 4050 legimus
1180 3974 1295 4038 horam

413 4079 513 4142 Altera
535 4088 605 4142 tum.
618 4079 708 4142 dabat
728 4081 783 4143 bas
805 4098 893 4142 voces
915 4081 1034 4155 umbra,
1057 4082 1149 4144 altera
1171 4084 1271 4148 llebat.

348 4199 396 4255 135
413 4188 453 4250 lli
475 4188 571 4268 pietas
593 4197 676 4251 motu
698 4189 852 4252 concussit
872 4203 995 4270 pectora
1017 4199 1110 4266 tanto,

414 4299 466 4370 Ut,
490 4299 579 4378 quasi.
594 4298 657 4380 jam
679 4317 828 4373 morerer,
851 4300 944 4363 virtus
965 4301 1064 4364 vitalis
1086 4302 1192 4377 abiret,

413 4409 451 4474 Et
472 4407 583 4483 cecidi,
606 4418 639 4474 ut
661 4427 770 4491 corpus
791 4408 870 4474 ritae
890 4411 1062 4491 procumbit
1082 4413 1182 4506 inane.
