3362 5414
298 463 376 554 xnr‘
822 489 995 542 rmrrarro.

392 673 465 762 lam
489 697 566 746 vero
593 697 701 772 neque
726 674 862 746 uberius
888 673 1023 746 laudare
1049 672 1189 746 Puram
1216 675 1353 749 virtutes
1376 677 1532 775 multipli-

294 818 350 867 ces
383 817 490 890 neque
526 793 692 890 copiosius
726 815 883 866 excusare
915 791 1080 864 labeculas
1106 792 1260 888 pauculas
1284 803 1435 868 nostrum
1456 820 1533 870 esse

295 911 455 984 ducimus.
507 910 545 983 ld
571 911 678 984 solum
704 935 722 982 a
748 910 844 984 nobis
872 933 947 994 cum
973 909 1166 1007 exspectari,
1193 919 1263 984 tum
1283 913 1442 1008 postulari
1458 925 1532 1012 pot·

294 1041 356 1122 est,
379 1039 415 1102 ut
429 1029 613 1101 cautionem
635 1027 799 1126 quandam
818 1025 1033 1101 adhibeamus
1052 1036 1085 1100 et
1108 1027 1368 1125 interponamus,
1391 1055 1432 1104 ne
1455 1032 1531 1129 quis

293 1146 439 1219 virorum
458 1139 641 1239 doctorum,
661 1171 736 1220 cum
755 1171 824 1220 non
849 1146 993 1244 undique
1011 1144 1121 1220 omnia
1139 1172 1236 1244 quam
1250 1148 1372 1244 optime
1388 1159 1530 1244 tornata,

291 1265 439 1364 perlecta
464 1265 653 1361 expletaque
680 1265 834 1339 omnibus
859 1264 1008 1340 numeris
1034 1274 1072 1340 et,
1093 1265 1241 1361 partibus
1266 1267 1397 1360 viderit,
1425 1278 1531 1340 totum

292 1407 376 1479 opus
402 1382 532 1479 abjiciat
556 1383 625 1475 vel,
668 1383 756 1479 quod
784 1382 995 1478 justissimus·
1015 1381 1156 1481 quisque
1183 1383 1319 1458 baberet
1349 1384 1530 1481 injustissi-

291 1525 393 1594 mum,
420 1500 641 1596 abjiciendum
662 1501 790 1598 judicet
815 1511 849 1573 et
877 1501 1023 1574 suadeat

391 1685 460 1759 Nos
476 1686 539 1784 ipsi
558 1687 592 1758 in
607 1687 692 1759 libro
703 1711 805 1760 mauu
819 1687 954 1783 scripto,
962 1687 1154 1785 priusquam
1170 1687 1255 1784 typis
1272 1687 1528 1783 describeretur,

289 1827 425 1902 perraro
452 1805 574 1902 aliquid
601 1815 728 1877 mutare
754 1805 806 1878 vel
831 1806 1006 1878 emandare
1040 1806 1111 1878 ausi
1139 1829 1275 1899 sumus,
1309 1806 1374 1879 nisi
1408 1807 1529 1905 quibus
1610 1888 1612 1892 ,

290 1923 372 1996 locis
398 1923 470 1996 sine
496 1922 562 1995 ulla
588 1922 793 2018 arrogantiae
819 1933 951 1996 nostrae
978 1923 1166 2020 suspicione
1193 1934 1225 1996 et
1244 1925 1316 1996 sine
1331 1925 1397 1998 ulla
1417 1934 1529 1997 aucto-

289 2040 337 2114 ris
363 2041 545 2114 offensione
571 2039 729 2137 injuriava
756 2041 827 2114 fieri
854 2042 980 2138 potuit,
1019 2053 1076 2114 aut
1106 2042 1164 2115 ubi
1196 2042 1238 2114 ab
1271 2029 1365 2140 ipsis
1386 2043 1529 2116 Pnzzmc

290 2160 417 2254 amicis,
444 2161 499 2258 qui
522 2170 590 2232 tres
609 2169 789 2257 quatuorve
804 2161 941 2258 paginas
968 2160 1235 2233 adnotationibus
1259 2162 1328 2234 suis
1350 2161 1529 2259 completas

288 2277 325 2350 in
350 2302 448 2351 usum
473 2288 624 2350 nostrum
650 2279 917 2372 transmiserant,
950 2301 1064 2354 ansam
1098 2280 1284 2376 corrigendi
1319 2290 1353 2354 et
1385 2279 1529 2354 addendi

289 2395 476 2493 accepimus
486 2399 536 2494 *p

388 2563 438 2637 llo
464 2562 571 2660 magis
597 2573 708 2664 autam
733 2564 816 2638 haec
842 2565 1047 2663 temperandi
1081 2577 1114 2640 et
1139 2565 1325 2642 abstinendi
1360 2565 1444 2639 ratio
1478 2577 1528 2638 te·

288 2683 396 2756 nenda
422 2693 456 2757 et
479 2707 581 2781 prope
608 2683 779 2778 religionis
804 2684 877 2756 loco
903 2684 999 2757 nobis
1026 2685 1184 2764 servanda
1209 2684 1283 2780 luit,
1310 2709 1375 2784 quo
1402 2682 1530 2780 majore

288 2789 458 2897 diligentia
491 2811 524 2874 et
555 2803 676 2900 pietate
710 2801 887 2875 familiares
912 2803 1053 2876 Pruzznn
1087 2805 1121 2876 in
1155 2795 1254 2908 opere
1286 2803 1409 2902 publici
1439 2801 1528 2899 juris

287 2918 438 2993 iaciendo
470 2929 616 2993 versatos
654 2945 726 2994 esse
767 2917 1065 3002 animadvertimus.
1126 2921 1253 2996 Placuit
1288 2923 1329 2995 iis
1368 2913 1529 2996 nimirum
1587 2918 1590 2926 ’

286 3037 435 3134 singulas
460 3038 536 3111 libri
562 3063 661 3112 mauu
686 3037 799 3136 scripti
824 3039 997 3112 schedulas
1026 3040 1132 3116 tribus
1157 3042 1304 3114 virorum
1326 3040 1529 3114 nobiliorum

286 3156 478 3229 nominibus
502 3155 698 3254 subscriptis
721 3157 871 3254 signare,
906 3158 940 3230 in
971 3159 1058 3232 calce
1096 3159 1251 3232 carminis
1281 3159 1323 3232 id
1345 3159 1528 3233 firmandae

286 3271 489 3356 αὖθεντίας
506 3282 621 3350 'caussa
637 3276 760 3350 lactum
783 3301 856 3350 csse
877 3277 986 3350 verbis
1007 3277 1128 3349 ltalicis
1146 3278 1264 3350 docere
1282 3278 1434 3378 et,‚quod
1450 3279 1527 3376 plus

286 3405 349 3488 est,
375 3395 563 3484 testimonio
585 3394 716 3490 publica
738 3395 930 3469 auctoritate
952 3395 1097 3469 exhibito
1120 3406 1153 3468 et
1179 3379 1365 3492 insignibus
1392 3395 1528 3493 sigillis·

287 3537 350 3610 que
372 3511 762 3608 magistratusllicentini
786 3514 975 3587 confirmato
996 3515 1187 3588 solemniter
1203 3516 1430 3612 pronuntiare,
1447 3539 1528 3614 apo·

293 3827 295 3832 ·
352 3811 382 3878 *J
396 3815 509 3880 lnpnmis
532 3817 557 3868 iu
580 3831 609 3868 eo
633 3818 703 3868 noble
722 3817 894 3868 elaborandam
917 3817 976 3879 luit,
999 3826 1025 3870 nt
1041 3835 1124 3870 veram
1142 3821 1265 3883 nonnulli,
1283 3821 1346 3872 haud
1364 3820 1435 3870 dubie
1454 3820 1530 3884 culpa

286 3900 435 3961 acribarum,
459 3907 500 3952 aut
516 3901 638 3964 longiores
656 3910 697 3953 ant
714 3902 834 3952 breviores
850 3905 941 3965 justum
959 3903 1074 3956 haberent
1091 3905 1178 3974 pedum
1195 3921 1322 3959 numerum
1340 3914 1363 3957 et
1386 3903 1466 3955 omnia
1484 3919 1527 3983 re-

286 3984 356 4068 gulisv
366 3985 479 4034 metricae
495 3987 671 4053 prosodiaeque
689 3993 769 4036 exacte
786 3987 968 4072 responderent.

353 4101 459 4153 ludendi
476 4091 528 4154 lere
545 4103 610 4154 nulla
628 4105 724 4156 occasio
742 4105 811 4155 nobis
830 4104 932 4168 obvenit,
950 4106 995 4156 nisi
1013 4107 1102 4176 lnlerrp.
1120 4063 1231 4174 xxiiia,
1249 4107 1289 4190 nbi
1306 4124 1327 4160 v.
1346 4107 1408 4158 151:
1512 4095 1515 4102 ¹

589 4197 672 4294 Perclct
688 4247 735 4282 uon
751 4235 808 4283 stete
824 4233 862 4284 aoa'
879 4233 916 4282 del
932 4207 1016 4286 mondo
1034 4215 1127 4301 peril

286 4359 412 4414 exciderat.
447 4361 497 4414 Nos
515 4362 547 4414 ita
563 4365 741 4432 supplevimus:
785 4419 788 4424 ,

590 4491 634 4542 Cur
650 4494 703 4554 binc
713 4496 781 4558 jacta
797 4493 840 4546 bei
855 4509 895 4548 eos
912 4497 1013 4556 nondam
1029 4500 1123 4550 eastun
1140 4501 1194 4552 irc?
