3282 5404
764 478 897 528 lutumst
913 479 1004 530 stilti.

280 573 422 581 ----.-
431 575 505 580 --..--
521 573 778 580 -υ--ω--ῄ-

340 703 374 754 20
432 695 497 769 llio,
520 695 570 757 ubi
591 697 763 778 multiplicis
785 695 889 760 lolium
910 696 1051 760 maturuit
1073 717 1164 761 omne

389 806 495 878 Flosis,
519 807 679 874 considunt
699 807 784 888 queis
807 825 877 888 apes
899 807 980 870 stetit
1000 808 1096 870 omnis
1119 808 1150 870 in
1172 827 1233 870 uno

392 915 510 979 Christo
532 923 667 978 venturo.
712 915 820 982 Verum
842 935 899 997 (tua
921 935 958 978 ex
979 924 1062 996 parte
1083 928 1224 980 secantur

393 1024 573 1098 Samiorbas,
586 1025 682 1104 spatio
703 1043 806 1100 vacuo,
829 1035 910 1089 stant
930 1033 1052 1106 pectora
1071 1045 1155 1090 versa

393 1133 426 1198 ln
448 1133 598 1197 Christum
619 1133 754 1210 missum,
775 1135 831 1200 boc
851 1154 910 1198 una
931 1154 986 1216 spe
1008 1135 1082 1198 lreto
1104 1136 1218 1198 solutis.

343 1271 376 1326 25
393 1245 489 1324 thue
510 1244 581 1305 hinc
603 1244 730 1322 Reginae
752 1244 842 1309 sedes
862 1244 1042 1325 praesignis,
1065 1253 1095 1308 at
1116 1245 1204 1326 brius
1269 1265 1271 1272 ¹

395 1353 457 1416 Sub
478 1353 556 1434 pede
577 1353 741 1433 dispositae
762 1353 895 1435 reliquae
917 1354 1186 1418 distareaidentor

395 1465 491 1526 Tanto
513 1463 666 1545 sejunctae
688 1464 793 1544 spatio,
815 1464 859 1530 sie
879 1463 976 1544 prima
995 1465 1119 1528 Jotrsrs

395 1573 494 1652 Magni
516 1579 574 1634 stat
596 1573 684 1638 sedes
706 1581 817 1646 contro,
840 1573 891 1653 qui
914 1572 996 1636 solus
1017 1574 1048 1636 in
1071 1581 1156 1636 entro

396 1683 473 1745 Vixit
493 1689 636 1763 perpetue
658 1690 788 1756 sanctus.
811 1681 880 1746 dein
903 1682 979 1744 colle
1001 1684 1100 1746 securi

347 1814 382 1866 30
396 1793 455 1855 Pro
479 1792 597 1864 Christo
620 1791 711 1866 dedit,
734 1800 822 1872 atqtu
845 1791 921 1856 duos
941 1791 1124 1856 habitaverat
1145 1811 1239 1854 annos
1276 1824 1279 1832 ·

397 1901 527 1964 Vallibur
549 1901 684 1968 infernis.
727 1901 822 1982 utque
843 1903 920 1966 inira
942 1901 1064 1982 coobgb
1083 1901 1135 1964 illa

399 2012 505 2078 Partiri
525 2011 638 2092 pariter
659 2012 723 2078 loce
744 2011 919 2086 durateus,
939 2012 1112 2076 deseruero

399 2121 495 2202 Atque
517 2125 695 2195 incusante,
717 2121 910 2202 reliquisque,
931 2120 991 2184 huc
1012 2141 1108 2202 usque
1129 2140 1184 2202 per
1205 2139 1309 2184 omnes

402 2230 461 2306 Qui
482 2230 540 2293 sibi
563 2230 726 2294 succedunt
747 2231 855 2296 circos.
898 2231 984 2296 Nunc
1005 2231 1136 2311 adspice,
1160 2239 1301 2312 quantum

351 2360 385 2412 aa
401 2341 498 2404 llirini
519 2348 617 2421 pateat
639 2340 784 2422 sapientia
807 2359 920 2404 summa
942 2340 1096 2417 Parentis;

402 2452 477 2517 Natu
497 2470 586 2514 verae
607 2451 677 2512 fidei
699 2458 855 2531 anspertus
879 2458 909 2512 et
929 2469 1007 2512 uuus
1029 2457 1060 2513 et
1079 2450 1156 2514 alter

402 2561 527 2642 bequali
549 2579 673 2623 numero
695 2560 858 2642 complebit
878 2579 997 2624 seamm
1018 2560 1113 2622 vircti.

349 2683 351 2690 ’
404 2673 497 2752 ldque
519 2672 586 2733 volo
608 2670 723 2744 discas,
746 2690 763 2733 a
785 2671 880 2750 prime
903 2670 977 2734 sede
997 2688 1127 2750 superna

405 2779 557 2860 incipiens
580 2787 667 2857 atque
689 2779 759 2846 inde
782 2781 868 2844 ocub
891 2781 1074 2843 descendere
1094 2797 1224 2860 pergens

356 2917 390 2972 ω
406 2891 450 2952 Ad
472 2889 603 2956 medium
625 2887 723 2968 spatii,
745 2887 804 2950 duo
827 2890 906 2969 quod
929 2890 1100 2952 discrimina
1122 2889 1197 2963 linit,

408 2999 517 3062 Sedena
539 2998 581 3059 ibi
602 2997 714 3063 babere
736 3017 829 3072 suam,
852 2999 913 3079 qui,
935 3000 1025 3062 nullis
1046 3008 1114 3064 ante
1135 2998 1247 3079 paretis
1302 3055 1306 3062 .

409 3109 581 3174 Promeritis
603 3108 746 3188 propriis,
768 3117 866 3172 umen
887 3107 962 3174 ba'eo
984 3117 1054 3172 sunt
1074 3109 1180 3186 gaudia
1200 3107 1301 3188 adepti
1394 3135 1397 3149 ι

412 3219 457 3283 Ob
479 3218 617 3280 meritum
638 3217 760 3283 alterius
782 3217 845 3286 sub
861 3218 1033 3282 conditione
1055 3227 1173 3282 statuta.

411 3331 490 3392 lstee
512 3345 640 3407 nemque
662 3327 779 3391 animae
800 3335 869 3392 sunt
889 3327 1032 3392 membris
1050 3337 1123 3390 -ante
1143 3329 1268 3402 solutae,

362 3456 395 3512 45
412 3439 519 3501 Libera
541 3437 688 3502 delectum
710 3457 800 3517 quatu
821 3438 912 3502 sciret
931 3438 1041 3501 babere
1061 3439 1214 3514 voluntes3

413 3549 518 3628 Tuque
540 3547 570 3608 id
592 3565 684 3610 nosse
705 3555 792 3626 potes
814 3567 851 3610 ex
870 3548 953 3611 vultu
974 3556 1005 3610 et
1025 3567 1097 3613 socc
1118 3548 1319 3628 loquentum,'

416 3659 481 3731 Qua
502 3657 587 3737 pueri
609 3655 701 3730 soliti,
723 3657 750 3724 si
772 3656 933 3736 inspectos,
956 3665 986 3719 et
1007 3658 1137 3720 sonitum
1159 3675 1231 3720 aure

415 3767 565 3847 Accipias.
588 3799 627 3810 -
649 3767 686 3828 tt
707 3775 739 3830 tu
761 3766 888 3840 dubitas,
910 3766 1107 3848 dubitansque
1129 3767 1262 3839 silescis3

416 3878 525 3946 Verum
547 3895 603 3955 ego
623 3875 785 3940 dissolvam
805 3875 936 3939 vinclum
956 3877 1010 3940 tibi
1031 3877 1108 3940 iorte
1130 3885 1290 3956 tenaxque,

369 3988 487 4061 500110
509 3995 539 4048 te
557 3986 704 4067 judicium
724 3989 834 4051 meotis
855 3985 964 4050 subtile
986 3993 1112 4051 coercet.

463 4096 527 4157 lloc
549 4095 646 4174 amplo
668 4096 698 4156 iu
719 4112 812 4172 reguo
835 4098 903 4161 deta
923 4097 1001 4160 lorte
1020 4096 1125 4161 sedilia
1146 4111 1298 4173 nunquam

422 4207 582 4286 Appareut,
605 4213 636 4270 ut
656 4223 712 4268 nec
732 4205 829 4280 dolor,
851 4205 1002 4270 esuricsre
1023 4206 1144 4281 sitissetv

422 4315 496 4377 Nam
518 4317 714 4395 quodcunque
736 4314 825 4407 vides
851 4321 973 4381 aeterua
992 4324 1039 4380 est
1058 4318 1124 4395 laga
1145 4324 1296 4397 paratum

424 4425 475 4488 Sic
497 4441 564 4484 sese
586 4424 676 4502 digito
698 4423 748 4490 bic
768 4425 974 4491 accommodet
994 4427 1121 4492 annuus
1142 4433 1247 4506 aequ.
1272 4497 1277 4508 ,
