3236 5394
565 572 759 624 turbabuntur
777 573 852 623 lllllV.

165 802 196 855 75
212 791 288 854 Huic
309 789 524 868 indulgendum
546 790 634 852 laeite
656 797 703 852 est
723 792 862 870 laetoque
884 792 1051 854 favendum.

253 903 315 963 Nos
338 901 435 980 capite
458 921 494 962 ex
515 900 631 980 pontis,
655 919 713 981 quo
735 899 819 980 ripae
838 901 974 980 jungitur
996 902 1077 964 orbis

214 1012 361 1083 Octavus,
383 1010 459 1089 lapsi
483 1010 712 1082 descendimus,
735 1009 860 1071 etmihi
880 1010 969 1088 bulga

214 1123 287 1182 Tum
311 1120 469 1181 manifesta
491 1118 562 1192 tuit,
585 1119 786 1199 stipatumque
807 1119 888 1182 intus
911 1139 1048 1182 acervum

213 1231 392 1310 Serpentum
412 1229 474 1289 vidi
495 1227 686 1301 horribilem,
710 1227 795 1308 queis
818 1230 913 1290 forma
934 1247 1086 1309 genusque

165 1347 196 1398 80
213 1342 263 1402 Sie
285 1340 382 1401 inerat
403 1338 533 1411 varium,
556 1346 589 1402 ut
609 1347 799 1400 revocantem
820 1339 890 1400 talia
912 1350 1012 1401 mente

212 1449 339 1526 Sanguis
363 1448 458 1509 adhue
480 1447 584 1525 lugiet.
627 1447 694 1508 Non
717 1467 766 1520 se,
789 1466 850 1508 non
868 1448 963 1529 jactet
984 1467 1089 1510 arenas

211 1559 309 1620 Africa
332 1566 395 1618 tota
417 1577 496 1620 suas.
540 1557 615 1619 Nam
638 1558 663 1618 si
683 1557 860 1638 jaculosque
883 1556 1106 1638 ebelydroeque,

158 1645 162 1652 ⁵
210 1669 248 1730 Et
267 1669 395 1748 phareas
417 1669 621 1746 oenobresque
642 1668 717 1730 haee
740 1667 834 1746 gigant
855 1676 885 1728 et
905 1667 1158 1746 amphisbaenam,

210 1780 272 1841 Nee
293 1785 339 1839 tot
361 1785 480 1857 lamque
502 1775 595 1838 malas
617 1784 719 1857 pestes
741 1776 816 1838 haee
838 1777 932 1838 edidit
952 1797 1082 1856 unquam

163 1901 194 1954 85
212 1891 285 1980 Cum
308 1896 386 1950 terra
407 1886 603 1966 Aethiopum,
627 1905 694 1947 eum
715 1885 784 1947 Nilo
806 1885 928 1948 flumine
951 1895 981 1948 et
1001 1887 1083 1948 omni

210 1998 373 2078 Reptilium
395 1995 511 2076 speeie,
534 1995 655 2056 rubrum
679 2013 754 2075 quae
776 1995 912 2074 eontinet
931 2015 1053 2076 aequor.

149 2125 154 2137 ’
209 2110 410 2170 Monstromm
432 2106 503 2167 huie
525 2105 626 2184 generi
648 2106 736 2176 loedo
754 2082 915 2168 'commista
936 2105 1063 2190 mebant

212 2218 345 2298 Corpora
368 2217 492 2288 nudata,
516 2235 551 2276 ae
572 2215 702 2278 domitae
725 2214 884 2277 formidine
906 2223 1019 2294 gentes,

212 2327 305 2401 Queis
328 2345 411 2405 spem
432 2325 513 2386 nulla
535 2325 625 2386 dabat
645 2324 782 2388 latitandi
802 2324 892 2395 rima,
915 2343 972 2387 neo
993 2324 1044 2386 illa

163 2445 194 2497 9⁰
210 2437 283 2498 lliru
307 2436 403 2515 Gygae
425 2433 575 2514 quondam
597 2435 628 2495 in
650 2452 765 2514 gemma
788 2442 835 2496 sat
854 2435 973 2513 cognita
994 2435 1097 2498 virtus.

211 2547 265 2608 llis
287 2553 359 2626 post
378 2553 460 2622 terga
483 2563 588 2604 manus
610 2551 784 2624 serpentum
805 2544 903 2606 vincla
923 2544 1064 2622 ligabant,

212 2657 271 2731 Qui
295 2675 327 2716 se
349 2673 405 2734 per
425 2672 512 2715 renes
536 2654 628 2714 cauda
650 2661 680 2714 et
700 2655 799 2733 eapite
821 2654 1021 2726 insinuabant,

211 2765 367 2828 interiore
388 2763 520 2826 hominis
543 2763 690 2843 complexi
710 2763 836 2825 nexibus
857 2764 958 2826 aretis.

212 2877 307 2956 Atque
331 2891 400 2936 ecee
423 2893 460 2934 ex
480 2873 548 2935 istis
570 2891 661 2934 unum
682 2891 777 2953 prope
798 2872 898 2936 littora
920 2882 1021 2936 nostra

165 2991 196 3044 95
212 2985 325 3048 Invasit
347 3002 472 3063 serpens
495 2991 526 3044 et
546 2993 633 3044 aeuto
655 2983 744 3045 dente
765 2983 935 3055 momordit,

214 3097 278 3169 Qua
303 3094 400 3156 cervix
420 3093 553 3155 humeris
574 3091 703 3156 vincitur
720 3093 823 3173 juncta
845 3104 984 3172 superne.

189 3207 278 3267 ‘Non
302 3223 319 3266 o
341 3211 402 3266 mm
424 3203 524 3265 subito
547 3202 724 3282 quisquam,
748 3210 799 3264 aut
819 3208 832 3264 ι·
852 3202 984 3264 seribere
1007 3201 1108 3282 quirit,

213 3316 309 3388 Quam
332 3313 431 3376 subito
454 3314 512 3374 iste
533 3312 590 3374 luit
609 3311 738 3374 flammis
759 3312 901 3373 incensus
923 3322 954 3372 et
974 3311 1056 3384 arsit,

211 3426 249 3486 Et
270 3423 421 3486 delabenti
443 3422 473 3484 in
495 3430 606 3484 terram
627 3421 786 3483 eonsidere
807 3420 863 3481 toli

153 3545 196 3597 tou
212 3534 289 3596 Huic
312 3551 387 3612 opus
409 3533 440 3593 in
463 3533 594 3594 cinerem
617 3530 683 3592 luit.
726 3530 823 3610 thue
846 3530 1052 3609 absumpserat
1072 3527 1152 3607 ignis

212 3644 299 3705 lluue
320 3643 361 3703 ita
383 3642 466 3704 humi
488 3643 601 3714 lusum,
625 3659 693 3702 sese
714 3639 834 3718 collegit
854 3639 886 3702 in
907 3657 998 3702 uuum

214 3754 290 3815 Tum
312 3752 404 3826 einis,
428 3759 459 3814 et
478 3771 535 3831 per
555 3771 588 3812 se
609 3770 677 3812 mox
698 3751 824 3812 sormam
847 3749 976 3829 sumpsit
996 3747 1129 3821 eandem,

214 3863 298 3936 Quae
320 3862 404 3942 prius
427 3861 588 3924 exstiterat
610 3895 652 3906 -
674 3859 725 3922 Sie
747 3867 777 3922 et
797 3860 945 3941 phoenica
967 3859 1098 3932 latentur

212 3971 375 4034 Nobilitate
397 3971 485 4051 sophi
508 3970 642 4048 insignes
665 3971 843 4032 oeoumbere
864 3968 965 4040 morti,

151 4088 197 4141 1⁰5
213 4082 326 4143 Deinde
348 4081 455 4142 iterum
477 4081 575 4154 nasei,
599 4100 666 4143 oum
688 4079 816 4160 explevit
837 4077 956 4141 seeeula
979 4076 1078 4157 quina.

212 4190 278 4253 Non
301 4190 353 4251 isti
374 4209 509 4268 gramen,
532 4209 592 4252 non
616 4190 666 4252 isti
687 4189 795 4272 pabula
817 4187 962 4268 praebent

212 4302 339 4378 Fruges,
363 4301 415 4362 sed
437 4301 533 4362 tbun's
554 4299 711 4373 lacrimae,
735 4299 788 4361 sed
809 4315 917 4360 suoeus
940 4295 1065 4372 amomi3

212 4410 388 4489 Myrrhaque
410 4428 478 4472 eum
500 4410 585 4490 spice
606 4410 692 4471 nardi
715 4410 786 4472 dant
806 4407 907 4470 ultima
930 4413 1033 4468 strata.

213 4520 308 4598 Atque
330 4519 436 4598 utqui
457 4519 628 4599 procumbit
646 4518 729 4580 bumi
751 4519 829 4580 male
851 4516 990 4580 ennesius
1011 4517 1079 4597 ipse
