3282 5404
810 503 946 558 PendulSt
963 507 1019 558 xvt

911 789 995 876 Xlll·

461 944 486 1005 0
509 944 639 1008 cureude
660 963 765 1025 purum
786 945 913 1008 deducte
935 964 953 1007 a
975 945 1120 1025 sauguine
1142 955 1243 1008 nostru

417 1053 574 1128 Nobilitas,
596 1053 624 1116 si
645 1054 773 1118 humane
796 1056 889 1118 doces
906 1055 1021 1136 jaeture
1042 1063 1189 1118 vetustum

416 1164 541 1226 Pectora
564 1173 594 1226 te
615 1173 739 1245 prepter
760 1165 853 1227 deeus
873 1165 933 1238 hle,
955 1164 1007 1228 ubi
1029 1165 1151 1244 languet
1171 1166 1281 1228 emeris

416 1273 548 1336 Flamma
569 1273 652 1347 boui,
675 1293 826 1354 uunquam
849 1273 938 1340 luerit
959 1274 1095 1338 mirabile
1116 1273 1212 1340 visum

384 1383 451 1446 51d
472 1383 563 1446 mihi:
586 1401 645 1464 quo
666 1383 750 1446 nullo
772 1384 903 1446 declinat
924 1383 999 1448 mlle
1021 1383 1131 1464 eupido

416 1492 541 1566 livero,
564 1493 595 1554 lu
618 1490 713 1567 coelo,
735 1493 763 1555 si
786 1493 856 1574 quid
879 1494 954 1556 milri
975 1495 1069 1573 glorie
1093 1492 1199 1556 suasit.

416 1603 486 1684 lpse
509 1602 629 1682 quidem
651 1621 685 1666 es
706 1603 808 1678 restis,
831 1621 908 1684 ques
929 1622 999 1666 mox
1020 1605 1053 1666 llt
1076 1611 1159 1669 euru
1180 1603 1323 1684 supellex,

416 1714 463 1789 Ut,
485 1713 545 1776 nisi
566 1713 633 1793 quis
655 1713 774 1776 studerd
795 1712 956 1793 quidquam
977 1714 1180 1794 superaddere
1201 1714 1232 1776 iu
1253 1715 1353 1789 liores,

416 1823 459 1886 'le
482 1823 594 1886 elreum
615 1821 719 1885 volitet
741 1821 862 1884 uoltum
883 1841 951 1886 eum
973 1824 1088 1904 forcipe
1109 1833 1235 1905 tempus.

368 1941 400 1993 ιιι
418 1935 486 2007 Vos,
507 1933 564 1996 lree
585 1951 658 1996 voee
679 1951 753 1994 usus
776 1933 871 2013 coepi,
895 1951 983 2014 quem
1005 1951 1095 2012 pesse
1117 1933 1267 2014 loquelam
1287 1942 1335 1997 est

415 2044 510 2106 Rome
531 2044 625 2124 prius,
648 2043 702 2104 sed
724 2059 814 2122 quem
834 2050 905 2124 pust
925 2061 986 2106 uun
1008 2051 1130 2105 tenuere
1152 2053 1295 2124 nepotem

415 2156 454 2216 At
475 2171 550 2235 quae
571 2152 748 2214 eonstiterit
767 2152 887 2232 paulum
909 2162 1023 2214 semote
1046 2151 1178 2214 ermx

415 2263 535 2327 Ridenti
557 2260 675 2336 similis,
697 2281 775 2343 qure
795 2269 867 2324 tuue
887 2261 1015 2333 tussivit,
1037 2260 1089 2322 uhi
1110 2280 1196 2324 error

416 2373 544 2447 Primus,
567 2381 600 2436 ut
620 2381 667 2436 est
688 2371 843 2452 seriptum,
866 2371 962 2434 sursit
982 2388 1108 2452 peeeere
1131 2370 1291 2448 Giuerm,
1330 2379 1335 2386 '

366 2489 399 2542 15
416 2485 475 2546 Vos
497 2482 571 2546 estis
592 2491 686 2564 peter,
709 2499 726 2544 ιι
748 2481 833 2544 vebis
854 2481 964 2544 fiducia
985 2481 1077 2543 menti

416 2593 508 2656 Pleuu
529 2611 612 2656 meae
633 2592 723 2666 veuit,
746 2610 800 2654 vos
822 2590 869 2653 sie
889 2609 937 2652 me
958 2590 1095 2654 attollitis
1117 2592 1193 2654 ultre

396 2717 398 2726 ’
416 2702 511 2777 Vires,
533 2711 566 2764 ut
587 2703 684 2786 major
704 2721 753 2766 rue
775 2701 844 2764 sim.
887 2700 946 2764 'lot
968 2701 1100 2764 lontibus
1122 2701 1223 2765 haruit

416 2812 499 2875 lleus
520 2831 586 2874 mee
608 2812 759 2886 laetitiam,
781 2818 815 2874 ut
835 2829 891 2891 per
912 2831 944 2874 se
966 2811 1008 2874 sit
1029 2811 1204 2877 lanteberti

416 2924 498 2986 Fons
521 2923 624 3002 gaud13
647 2931 747 2986 tumen
768 2922 800 2983 iu
822 2939 911 2984 sese
933 2922 1125 2996 maerenda,
1148 2927 1339 2986 redemtum

364 3043 399 3096 tu
415 3033 553 3113 Effriugit
574 3034 746 3095 claustrum.
790 3032 900 3106 Quare,
922 3031 1077 3096 euristim
1100 3033 1184 3110 urigo

415 3145 514 3206 Prima
536 3161 619 3206 mese
641 3141 748 3222 gentis,
770 3141 901 3223 majores
923 3141 1014 3204 dieite
1034 3151 1161 3217 vestros,

414 3254 520 3328 Dicite,
543 3273 618 3334 quae
639 3253 753 3333 primae
775 3251 886 3314 luerint
906 3253 1023 3328 sigustu
1040 3252 1180 3334 juveutue

415 3364 573 3444 Tempora,
596 3381 652 3426 nee
672 3364 774 3442 pigeat
792 3379 847 3424 vus
868 3362 976 3435 dicere,
1000 3361 1078 3425 urile
1097 3363 1223 3426 loannis

416 3473 566 3547 Quantum
588 3471 630 3535 ibi
652 3479 713 3534 tum
735 3471 835 3546 luerit,
858 3471 968 3552 quique
990 3472 1068 3534 iuter
1088 3473 1182 3535 millis
1203 3471 1295 3536 multu

364 3595 398 3650 et
414 3583 589 3646 Exstlteriut
609 3582 691 3662 digri
712 3580 807 3661 magis
829 3581 896 3644 ultis
918 3581 1018 3644 sidere
1039 3582 1180 3646 samnis.

456 3693 610 3756 Flentibus
630 3701 665 3754 ιιι
683 3691 781 3755 ventis
802 3693 922 3754 llemme
941 3691 973 3753 in
995 3693 1125 3756 emboue
1146 3695 1271 3756 resumit

414 3804 509 3878 Vires,
532 3803 576 3866 sle
597 3802 677 3866 illem
698 3802 759 3864 ridi
781 3801 992 3882 splendescere
1012 3802 1111 3866 lueem

414 3915 476 3978 llas
497 3914 534 3976 ed
554 3912 730 3976 blandities:
753 3917 842 3992 etque
863 3920 897 3974 ut
916 3929 1001 3991 mage
1021 3913 1153 3993 pulelrru,
1168 3912 1285 3975 refulsit

413 4023 469 4086 llle
490 4023 566 4086 meis
587 4023 692 4096 oeulis,
714 4023 754 4084 ite
777 4023 894 4084 duleius
915 4041 968 4085 ure
989 4032 1125 4097 sonante,

364 4149 398 4202 sq
415 4133 475 4196 Sed
496 4151 566 4207 nou,
590 4144 649 4213 quo
672 4141 795 4195 utuntur
815 4132 920 4206 nostri,
943 4151 1082 4195 sermone
1103 4133 1202 4195 locutu
1224 4141 1286 4194 est:

414 4242 458 4304 Ex
480 4261 539 4324 quo
561 4242 634 4304 dixit
654 4237 734 4304 Ave!
756 4242 840 4304 coelo
862 4242 1011 4304 demissus
1034 4241 1070 4304 eb
1094 4243 1152 4305 ello

415 4351 542 4425 Gabriel,
565 4352 603 4414 ed
625 4360 752 4434 tempus,
775 4370 835 4432 quo
857 4352 888 4414 in
909 4352 1030 4416 luminis
1053 4353 1147 4416 edidit
1169 4371 1255 4416 aures

414 4461 461 4526 lle
483 4461 617 4542 genitrix,
640 4481 716 4543 quae
738 4471 839 4528 saneta
860 4463 950 4525 modu
972 4471 1027 4537 est,
1049 4464 1195 4545 repetisse
1215 4463 1350 4526 Leonem
