3214 5400
567 535 748 586 PllliGd'lOllll
766 535 832 586 xvtl.

203 755 331 818 Prorsus
353 753 506 816 desierint.
549 753 639 816 Menti
662 755 770 816 deinde
792 754 910 835 impluit
931 754 1005 817 altae

203 865 245 928 lle
267 881 356 926 cruce
378 863 423 924 vir
443 864 589 944 pendens,
612 865 687 926 fixus
709 865 817 938 fronte,
840 883 892 926 ore
915 864 1062 945 superbus

203 975 359 1048 belenus,
382 982 413 1036 et
432 974 500 1036 talis
523 974 679 1036 claudebat
699 973 810 1036 lumina
832 982 937 1036 morte.

245 1085 333 1146 Hunc
354 1083 433 1145 cirea
454 1085 553 1162 magni
573 1084 714 1164 majestas
736 1085 882 1158 Assueru,

143 1173 188 1261 'nt
204 1194 300 1275 Atque
321 1194 445 1254 Esrncn
467 1193 585 1274 conjux,
608 1201 638 1255 et
659 1193 898 1254 servantissimus
920 1194 1008 1274 aequi

204 1305 423 1366 Mannoenlecs
447 1311 520 1377 erat,
542 1311 602 1365 tam
624 1302 723 1364 verbis
745 1303 870 1380 integer,
892 1311 926 1365 ut
945 1321 988 1364 re.

204 1417 301 1494 Atque
322 1414 397 1475 baec
419 1431 452 1474 se
474 1421 634 1492 postquam
655 1429 711 1492 per
732 1429 800 1473 sese
822 1411 903 1492 rupit
925 1412 1032 1490 imago,

205 1523 309 1586 Bullae
330 1524 433 1596 instar,
457 1523 493 1596 si,
517 1541 576 1602 quo
598 1523 632 1583 fit
653 1522 778 1599 turgida,
802 1522 901 1584 delicit
922 1523 1037 1589 humor,

207 1635 336 1698 Cernere
357 1633 438 1694 risus
461 1651 542 1694 eram
563 1630 754 1693 simulacrum
774 1631 861 1694 triste
883 1631 1000 1713 puellae

160 1751 191 1802 stt
205 1745 288 1807 Altos
311 1743 426 1806 edentis
447 1742 586 1818 gemitus,
610 1758 644 1802 ac
665 1741 734 1802 talia
756 1741 860 1802 lautis:

207 1855 274 1930 Cur,
298 1853 443 1916 suadente
464 1851 518 1925 ira,
541 1850 660 1912 voluisti
681 1869 820 1930 rumpere
842 1851 940 1925 vitam

208 1959 492 2042 drogiacum?
536 1961 578 2021 'le
602 1961 755 2033 exstinxti,
778 1961 904 2040 perdere
926 1969 1025 2022 namna

206 2075 282 2136 llum
303 2071 393 2151 fugis.
436 2070 482 2130 En
502 2071 593 2132 modo
617 2089 692 2144 sum,
715 2079 820 2144 mater,
841 2070 895 2133 tibi
916 2071 1038 2151 perdita,
1063 2062 1179 2151 etipsa

207 2183 336 2246 Alterius
358 2199 430 2262 prae
452 2188 548 2242 morte
570 2189 649 2269 tuam
672 2179 794 2241 Lernam
816 2179 913 2259 ploro.

161 2297 191 2350 tt
208 2294 245 2356 Ut
267 2292 345 2354 solet
365 2290 501 2369 abrumpi
523 2307 656 2357 somnus,
679 2289 705 2350 si
728 2287 828 2351 clausa
849 2298 973 2370 repente

208 2403 333 2466 Lumina
353 2399 496 2480 percellat
517 2417 592 2462 nova
614 2399 673 2474 lux,
696 2407 783 2478 atque
805 2407 872 2462 ante
894 2408 995 2462 natare

207 2513 342 2585 mactus,
365 2527 454 2590 quam
471 2509 614 2571 occiderit
634 2515 730 2570 totum
754 2510 797 2571 sic
820 2509 931 2572 decidit
953 2499 1047 2571 audax

208 2623 336 2700 Fingere
357 2619 403 2681 vis
424 2620 544 2690 mentis,
567 2619 692 2690 simulac
711 2619 762 2680 lux
781 2619 910 2699 perpulit
931 2639 993 2694 ora,

210 2731 341 2795 Candida
361 2729 429 2810 plus
452 2738 555 2791 nostro
580 2747 669 2808 quam
690 2707 784 2791 r'nore.
828 2730 892 2808 Ego
915 2730 1033 2794 volvere
1054 2729 1147 2804 vicus,

160 2849 193 2902 40
211 2842 292 2915 Quas
315 2839 510 2913 devenissem,
534 2839 661 2919 cupidus
683 2855 866 2917 cognoscere
889 2840 987 2915 sedes,

211 2951 284 3014 Cum
308 2969 363 3011 vox
385 2949 483 3011 audita
507 2957 568 3009 est:
590 2948 647 3010 llic
669 2957 714 3010 est
736 2949 930 3025 adscendere,
953 2943 1022 3025 lata,

212 3061 295 3135 Quae
318 3077 411 3138 genus
433 3077 521 3119 omne
544 3057 623 3120 aliud
647 3077 784 3122 curarum
807 3079 823 3120 a
846 3061 937 3121 corde
959 3059 1098 3121 removit:

212 3171 345 3249 Tamque
367 3169 496 3230 alacrem
518 3186 567 3229 me
589 3161 785 3250 cepit'amor,ยน
806 3169 895 3230 rerba
917 3170 974 3230 ista
995 3169 1127 3231 locutum

210 3280 372 3360 Respicere
395 3297 429 3340 ac
452 3279 539 3350 scire,
563 3288 592 3341 at
613 3296 765 3358 nunquam
788 3279 953 3341 consistere
975 3278 1079 3353 discat,

163 3396 195 3450 to
211 3389 315 3452 Donec
337 3407 404 3450 eum
426 3389 566 3450 ellendat.
610 3388 670 3450 Sed
693 3389 777 3461 sieut,
801 3387 865 3451 sole
887 3396 1027 3466 grauante

211 3499 349 3562 Nostram
372 3498 475 3572 aciem,
498 3498 587 3560 nimis
610 3499 706 3560 effuso
730 3499 780 3578 qui
801 3498 912 3560 lumine
935 3499 1013 3572 celat

213 3609 256 3671 Os
279 3608 352 3670 sibi:
375 3626 436 3669 non
458 3627 546 3670 secus
567 3609 618 3670 bic
639 3608 732 3670 virtus
752 3626 800 3670 me
822 3617 882 3671 tota
905 3608 1035 3688 reliquit.

254 3719 311 3780 llic
332 3726 378 3780 est
400 3719 437 3780 de
458 3718 592 3798 Superis,
616 3719 667 3799 qui
688 3727 804 3799 sponte,
827 3727 968 3799 precante
990 3737 1088 3800 neque
1109 3717 1180 3791 ullo,

212 3833 357 3893 Monstrat
378 3828 434 3889 iter
454 3837 577 3902 rectum,
600 3831 626 3890 sl
650 3829 716 3908 quis'
738 3828 800 3892 vult
821 3829 974 3903 scandere,
998 3829 1079 3903 dixit,

165 3953 197 4006 50
213 3938 338 4000 Lumine
361 3956 454 4017 seque
476 3957 532 4000 suo
553 3939 718 4001 abscondit.
762 3930 844 4002 llere
866 3940 958 4001 utitur
978 3938 1029 4000 illo

212 4048 386 4121 Nobiscum,
410 4066 469 4127 quo
492 4048 620 4128 quisque
642 4049 700 4110 sibi
722 4051 833 4122 servire
855 4049 978 4110 laborat.

213 4159 289 4221 Nam
311 4157 338 4218 si
360 4158 426 4237 quis
448 4169 548 4220 manet
570 4168 713 4234 orantem,
736 4161 787 4240 qui
809 4153 890 4221 novit
912 4163 1048 4238 egentem

214 4257 301 4330 Hunc
323 4268 390 4347 opis
412 4285 481 4330 esse
502 4287 583 4342 suae,
607 4277 665 4330 stat
685 4270 775 4332 corde
797 4287 905 4348 negare
926 4268 1055 4348 maligno

215 4377 330 4440 Certus.
375 4377 461 4440 Nunc
482 4386 564 4440 tanto
588 4371 729 4458 aptemus
745 4379 891 4441 suadente
910 4379 1048 4440 ministro

166 4505 197 4560 55
214 4488 345 4561 Plantas,
368 4495 399 4551 et
419 4507 475 4551 nos
497 4490 587 4552 ardor
608 4489 674 4568 agat
695 4507 847 4571 superare,
869 4481 1043 4570 priusquam
