3234 5396
627 539 761 592 rtetursr
779 541 839 592 uu.
1237 540 1299 604 pop
1386 581 1388 588 .

184 782 217 834 tu
234 762 288 825 Cui
309 759 400 823 modu
423 775 569 839 eerrreem
592 767 640 822 est
659 758 742 830 sutis,
765 758 855 822 modu
878 758 1161 832 numantiorum,

233 871 318 934 Unde
339 869 414 932 mihi
435 869 524 931 istius
545 867 700 950 desumpsi
723 867 844 932 exordia
866 876 983 932 sentus.

235 979 335 1061 ipsam
357 979 559 1044 udsesnsurus
580 995 641 1042 neu
663 977 762 1054 sensi3
783 978 913 1042 intrasse
934 976 1068 1042 Betrsu

234 1089 410 1163 Admonuit3
432 1105 560 1169 namque
582 1087 634 1152 itta
654 1088 748 1168 metis
769 1087 845 1150 mihi
864 1086 929 1150 visu
950 1086 1059 1150 deson
1080 1095 1137 1150 est.

233 1200 276 1262 Ae
296 1198 388 1262 veluti
409 1198 441 1262 iu
462 1197 579 1262 flumme
601 1197 677 1260 uitet
698 1195 885 1277 inspicienda
907 1195 1014 1269 saville,

185 1318 217 1373 15
233 1309 330 1390 thue
352 1307 383 1370 in
404 1324 478 1370 voce
498 1307 570 1370 lieet
589 1323 694 1370 vorem
715 1304 907 1384 distinguere,
930 1304 981 1368 ubi
1002 1323 1061 1371 uua

233 1419 329 1498 Atque
352 1417 456 1480 eedem
477 1423 587 1488 munet,
608 1423 698 1496 etque
720 1414 783 1478 ubit
804 1415 975 1494 exspatiata,
998 1413 1134 1496 reditque

233 1527 346 1591 Altera:
370 1526 416 1590 sie
437 1527 510 1590 etius
531 1525 591 1589 ridi
613 1525 671 1588 hec
692 1525 723 1586 in
745 1524 812 1588 luee
833 1523 948 1586 moveri

233 1637 399 1718 Lampadas
418 1637 450 1700 iu
472 1653 575 1716 gyrum
596 1641 795 1718 properanter
814 1633 944 1714 plusque
967 1633 1136 1714 minusque,

233 1749 361 1810 Aeteruo
383 1755 474 1827 prout
494 1745 603 1825 tuique
624 1744 684 1806 trui
705 1743 867 1823 splendore
889 1741 1022 1816 debetur,

184 1867 218 1920 tt
235 1857 270 1919 Ut
290 1876 371 1920 reor.
415 1855 530 1935 Algenti
552 1871 703 1934 uunquam
725 1854 762 1916 de
783 1851 864 1916 nube
885 1863 1009 1916 ruerunt

233 1967 399 2048 Perspieui‚
421 1972 471 2030 eut
492 1964 575 2028 coesi
598 1981 688 2026 uersu
710 1971 770 2026 tem
791 1971 933 2044 preepete
954 1963 1043 2036 venti,

233 2077 271 2140 Ut
291 2095 353 2138 neu
374 2075 512 2157 impliciti
535 2074 668 2154 tentique
688 2071 857 2138 videntibus
879 2073 936 2135 iste

234 2185 360 2248 Lumina
381 2186 441 2248 sint
461 2185 527 2257 risi,
549 2184 646 2247 dirius
668 2182 741 2246 miti
764 2182 953 2255 obviaturi,

235 2296 312 2377 (ἔγω
334 2296 511 2376 iuter-rupto,
535 2294 620 2375 eujus
642 2293 803 2374 primordia
825 2291 862 2354 ab
885 2292 953 2356 eltis

183 2419 218 2474 tt
233 2405 377 2486 iucepers
398 2405 482 2487 prius
504 2404 680 2484 Seraphim
702 2411 773 2484 post
792 2402 879 2466 obvie
899 2402 996 2483 primu

109 2491 113 2600 i
233 2514 363 2578 Auribus
386 2513 485 2578 rudivi
505 2507 671 2578 Heraeus!
691 2521 751 2576 tem
773 2513 860 2578 dulce
882 2529 1033 2586 cenorum,

235 2625 272 2688 Ut
292 2643 444 2705 uunquam
465 2623 591 2705 posthae
612 2623 772 2706 repetitum
793 2621 896 2686 redire
918 2621 1028 2704 cupide

234 2735 367 2798 Desinat.
390 2767 430 2780 -
452 2735 570 2798 luteres
590 2731 718 2815 propius
740 2751 795 2796 nos
816 2733 928 2798 edetitit
948 2752 1036 2808 unus,

234 2845 273 2908 Et
294 2845 378 2908 selus
399 2843 488 2908 dixit:
511 2843 616 2906 Guuui
637 2843 792 2921 indulgere
812 2843 906 2924 penti

184 2963 219 3018 tu
235 2953 291 3017 iiie
312 2954 367 3018 tibi
388 2973 445 3018 uss
467 2971 579 3027 sumus,
601 2962 635 3018 ut
656 2953 745 3016 uobis
767 2953 896 3032 gaudere
916 2953 1042 3018 tueultes

235 3065 281 3128 Sit
301 3065 365 3127 tihi.
408 3065 471 3128 Nus
493 3081 560 3128 uum
581 3063 770 3144 principibus
792 3062 972 3126 coelestibus
994 3081 1086 3126 unum

235 3175 401 3254 Circumegi
423 3175 454 3237 in
476 3191 578 3254 gyrum
601 3190 781 3252 cursumque
803 3171 943 3253 sitimque
963 3171 1105 3247 solemus,

236 3285 280 3348 tt
303 3303 379 3366 quus
401 3284 432 3346 in
453 3283 542 3346 terris
562 3282 666 3346 fudisti
687 3280 768 3344 hune
789 3289 911 3361 pectore
931 3289 1065 3346 eentum:

239 3395 303 3468 Vos,
325 3403 515 3458 monstrante
536 3393 610 3465 Deo,
633 3394 716 3472 puris
738 3394 830 3457 tertie
850 3390 982 3472 spiuere
1002 3394 1150 3456 movenda

184 3517 218 3570 te
238 3505 385 3585 Curtium
408 3519 444 3565 eu
465 3509 543 3566 teuta
565 3500 653 3564 uobis
674 3519 728 3563 eur
748 3499 834 3564 ardet
854 3501 965 3564 amoris

186 3591 190 3603 ’
235 3615 377 3687 Flamma,
399 3620 513 3676 utuun
536 3612 575 3676 sit
596 3611 683 3674 dulus
704 3609 804 3674 miuus
826 3625 946 3673 tessere
967 3627 1137 3692 parumper,

236 3725 312 3788 lium
334 3723 387 3786 tibi
409 3729 456 3786 set
476 3723 538 3785 flet
580 3721 742 3800 Postquam
763 3719 935 3800 pudibunde
956 3721 1092 3784 modeste

235 3833 360 3898 Lumine
382 3831 515 3894 converti
534 3830 571 3895 ed
593 3829 759 3904 nominem,
782 3837 813 3892 et
833 3828 922 3892 simut
945 3831 1011 3911 ipse
1032 3829 1162 3909 benigue

234 3943 353 4018 Annuit,
375 3951 463 4024 etque
483 3940 573 4005 fidem
595 3940 675 4014 iecit
696 3939 754 4004 tuit
774 3940 902 4019 impetus
924 3939 1005 4004 ilteru

184 4067 220 4122 tu
234 4054 388 4136 Inspicere
410 4052 568 4124 intusum,
591 4069 666 4132 quee
688 4048 728 4112 mi
749 4049 923 4130 promittere
943 4057 1058 4113 tautum

234 4163 343 4228 Audite
364 4169 412 4225 est
433 4163 553 4236 ionum,
576 4169 619 4224 etr
641 4159 705 4233 bie,
728 4159 795 4240 urie
815 4155 874 4221 esi
895 4168 998 4222 nostre
1019 4159 1119 4224 locutu
1141 4167 1187 4224 est

235 4277 334 4338 Sensu
355 4291 412 4336 vox
432 4272 579 4353 impresse
598 4270 651 4352 pio
672 4271 852 4351 periteque
872 4267 1035 4350 protento.

234 4385 272 4447 Et
294 4390 402 4464 quante
424 4390 454 4445 et
475 4381 572 4464 quetis
594 4380 661 4462 ptus
683 4388 730 4446 est
749 4380 823 4444 mihi
837 4380 907 4444 uisu
927 4376 1080 4460 refulgens

236 4492 361 4580 [petitia
382 4499 468 4558 eutte
487 4504 572 4566 ruse,
596 4507 664 4554 uum
685 4507 733 4554 me
755 4509 809 4554 suu
829 4489 936 4570 pretia
956 4490 1013 4556 ieri
