3234 5396
327 492 390 557 28⁰
796 489 930 542 rananrsr
949 489 990 540 nr.

395 712 591 775 Mussantem:
616 711 640 774 0
663 709 761 772 anima
784 709 902 790 egregie
925 712 1021 774 fausta
1043 709 1121 772 edita
1145 719 1236 784 sorte,

343 827 377 882 ³5
395 821 478 895 Quae
499 821 576 884 vitae
599 821 636 884 ad
655 819 744 902 jubar
768 828 906 883 aeternae
928 818 1086 882 dulcedine
1108 818 1251 894 abundas,

395 931 489 1004 Quam
512 930 561 1011 qui
584 949 646 992 aon
668 937 775 1009 gustat,
797 947 948 1010 nunquam
971 945 1153 1008 cognoscere
1173 931 1288 1012 possit:

393 1041 568 1119 Pergratum
590 1038 689 1114 luerit,
709 1023 739 1102 ‘si
761 1040 815 1103 des
837 1040 911 1102 mibi
934 1039 1051 1102 discere
1073 1057 1183 1102 nomen

394 1151 463 1232 lpsa
485 1160 568 1212 tuum
591 1167 626 1212 ao
647 1160 759 1212 sortem
779 1161 918 1214 vestram.
940 1181 982 1196 -
1005 1149 1104 1224 Quare
1124 1149 1175 1212 illa
1196 1160 1309 1230 parata,

395 1261 458 1321 Nec
479 1267 628 1322 remorata
650 1257 711 1332 diu,
733 1260 807 1322 baec
828 1258 924 1322 oculis
945 1258 1113 1321 ridentibus
1134 1259 1214 1322 infit:
1276 1275 1278 1283 ’

344 1375 379 1428 4⁰
395 1371 553 1450 Nunquam
574 1377 678 1432 noster
698 1389 782 1432 amor
802 1378 919 1450 portam
940 1368 1135 1448 poscentibus
1157 1387 1284 1450 aequum

397 1480 523 1554 claudit
547 1497 607 1542 non
630 1497 717 1542 secus
739 1497 773 1542 ac
795 1477 924 1542 similem
945 1477 1005 1540 sibi
1027 1477 1078 1558 qui
1096 1477 1184 1559 iubet
1204 1497 1272 1542 esse

262 1643 270 1656 .
397 1590 553 1670 Quemque
576 1607 628 1652 sua
650 1608 686 1650 ex
703 1589 781 1652 aula.
825 1589 892 1664 Quo
913 1607 961 1652 me
983 1597 1054 1650 uano
1074 1595 1209 1668 tempore
1230 1589 1361 1652 habebat

396 1701 535 1773 blundus,
557 1697 640 1777 virgo
662 1699 724 1760 lleo
748 1716 898 1761 sacrarum
920 1698 977 1760 rite
999 1716 1137 1760 sororum

395 1809 546 1887 degebam
569 1826 741 1884 uumerum3
764 1817 802 1881 et,
824 1808 901 1872 bene
924 1808 950 1870 si
973 1807 1144 1870 scrutabore
1165 1816 1275 1884 mente,

345 1920 379 1975 ⁴⁵
396 1921 463 1982 Non
484 1919 541 1982 tibi
563 1918 685 1981 celabor
706 1918 800 1982 lonua
821 1919 916 1997 magis
939 1925 1023 1980 aucta
1045 1918 1163 1991 decora,

396 2031 439 2092 Ao
461 2049 509 2090 me
529 2030 700 2090 Prcoauuan
721 2047 840 2103 nosces,
863 2045 940 2108 quae
962 2027 1093 2090 immixta
1113 2027 1210 2090 beatis

397 2139 467 2220 Ipsa
488 2139 572 2202 beata
595 2137 706 2213 choris,
729 2138 781 2200 ubi
804 2157 891 2218 quam
913 2137 1080 2199 lentissima
1102 2139 1228 2217 sphaera

397 2250 451 2312 Est
472 2250 570 2321 lunae,
593 2247 678 2310 locor
697 2248 758 2310 bio.
803 2248 888 2322 Quae
909 2247 998 2310 uobis
1019 2256 1141 2328 pectora
1162 2249 1260 2310 solum

289 2369 296 2384 ⁸
397 2359 567 2422 Exhilarata
589 2357 695 2420 ardent
716 2357 808 2420 divini
831 2357 962 2420 flaminis
983 2356 1061 2436 igne,

348 2470 382 2524 5⁰
399 2470 438 2533 Se
462 2469 582 2531 duxisse
604 2467 693 2549 hujus
714 2468 863 2530 laetantur
884 2467 921 2530 ab
944 2467 1049 2528 ordine
1070 2468 1213 2544 formam3

378 2580 437 2641 *Et
458 2577 546 2640 nobis
568 2597 635 2640 sors
657 2577 715 2640 ista
737 2578 804 2640 data
828 2585 883 2651 est,
906 2595 982 2658 quae
1004 2585 1062 2638 tam
1086 2576 1145 2640 ima
1166 2577 1292 2654 videtur,

295 2679 297 2690 '
400 2688 487 2762 Quod
511 2705 632 2751 curasse
653 2706 759 2768 parum
781 2686 933 2766 arguimur
955 2685 1100 2748 solemnia
1120 2693 1198 2762 vola,

266 2835 272 2848 ι
398 2799 437 2860 Et
457 2797 566 2876 partim
589 2797 714 2860 solvisse
736 2796 846 2860 minus.
867 2831 909 2842 -
932 2796 1017 2858 'lunc
1038 2815 1154 2878 occupo
1176 2799 1365 2881 utinquam:

399 2907 509 2970 Nescio
533 2905 711 2988 quidnobis
733 2906 826 2968 divini
848 2905 941 2986 lulget
962 2905 993 2968 io
1016 2923 1068 2968 ore

350 3020 383 3075 55
400 3017 535 3091 Mirifice,
558 3015 653 3097 prima
677 3015 756 3098 quod
778 3035 832 3078 vos
854 3018 891 3078 ab
914 3016 1043 3093 imagine
1065 3024 1167 3078 mutat.

399 3128 473 3197 lnde
495 3129 551 3190 luit
572 3127 660 3188 nobis
681 3127 841 3188 revocandi
863 3127 947 3188 tarda
969 3127 1105 3189 facultas.
1235 3173 1239 3184 .

399 3238 439 3300 dt
460 3238 540 3317 quod
562 3245 594 3298 tu
616 3255 729 3310 narras,
752 3237 803 3298 dat
826 3255 924 3316 opem,
946 3244 980 3298 ut
1002 3254 1185 3316 cognoscere
1207 3237 1319 3302 vultum

402 3348 448 3410 Sit
469 3346 544 3410 mihi
565 3366 614 3410 res
635 3346 738 3408 levior.
782 3345 843 3407 Sed
864 3363 902 3407 ne
924 3347 983 3408 boo
1003 3346 1077 3407 mibi
1100 3346 1199 3408 dicere
1220 3367 1327 3428 parce:

401 3459 470 3532 Vos,
495 3477 569 3536 quae
592 3457 695 3520 felices
718 3455 749 3516 in
772 3455 900 3536 sphaera
921 3455 1030 3534 degitis
1052 3456 1120 3529 ista,

352 3573 386 3627 et
402 3569 537 3647 Unquam
561 3568 619 3628 lert
640 3565 756 3628 animus
779 3565 872 3644 magis
895 3565 969 3627 altas
991 3585 1135 3646 quaerere
1156 3567 1254 3643 sedes,

402 3678 492 3740 Plura
514 3683 548 3738 ut
568 3675 671 3738 mirari
693 3675 866 3756 maioraque
888 3676 1008 3736 foedera
1031 3676 1117 3738 vobis

403 3786 600 3866 llultiplioare
622 3785 684 3847 illic
706 3786 801 3846 detur.
823 3818 865 3830 -
884 3785 973 3847 Prius
995 3785 1044 3846 illa
1067 3805 1236 3868 parumper,

405 3897 477 3959 Cum
500 3915 558 3975 qua
581 3906 652 3958 tuno
673 3895 776 3958 umbra
798 3895 905 3968 stabat,
927 3894 1053 3956 subrisit
1074 3905 1104 3958 et
1125 3897 1193 3959 eain

404 4007 492 4068 Vultu
514 4005 589 4070 adeo
612 4005 691 4067 laeto
713 4004 878 4086 respondit,
901 4013 934 4066 ut
955 4005 1024 4084 igue
1046 4006 1155 4068 caloris

356 4117 388 4170 65
405 4117 467 4178 lota
487 4116 639 4178 videretur
658 4114 763 4194 primi:
789 4114 871 4187 Quae
894 4115 1000 4176 dissita
1022 4127 1156 4178 nostrum
1178 4127 1225 4180 est

407 4226 465 4287 Per
485 4235 600 4304 pectus,
622 4227 723 4299 irater,
746 4224 841 4286 sancti
862 4223 907 4285 vis
928 4225 1056 4304 plurima
1078 4227 1197 4303 amoris,

287 4425 289 4470 Ι
407 4326 464 4396 Dat
486 4333 636 4397 desiderio
659 4332 818 4414 tranquilla
841 4352 914 4412 paee
935 4335 1038 4414 potiri,

407 4445 446 4506 Et
467 4444 547 4518 lacit,
570 4453 603 4507 ut
622 4444 711 4508 simul
732 4444 783 4506 illa
805 4443 884 4518 velit,
907 4463 983 4524 quae
1002 4446 1148 4526 possidet,
1171 4447 1247 4518 ultra
