3282 5404
358 521 420 584 333
813 519 946 569 rluuutst
965 519 1043 568 rrrtr.

376 753 408 806 lo
423 739 522 802 Virtus
544 739 623 802 haud
645 747 759 819 posset,
782 737 863 801 nulle
886 737 1022 810 ducente,
1043 753 1213 816 repessum

424 851 483 912 Per
505 869 537 917 se
558 850 638 912 lerre
660 849 741 912 illuc.
784 849 818 911 ld
840 855 955 910 tanturm
977 847 1078 910 dicere
1101 847 1226 927 quirem,

424 961 480 1034 lle,
502 959 572 1022 dnm
594 967 696 1022 nostra
719 959 799 1020 acies
820 958 916 1020 riuum
938 957 1081 1038 pascebat
1101 956 1133 1018 in
1154 957 1215 1030 illa,

427 1069 515 1132 Omni
538 1069 594 1132 elia
617 1087 687 1130 cura
709 1077 814 1148 pectus
835 1065 966 1145 gessisse
987 1065 1128 1128 solutum.

424 1179 499 1241 lium
522 1187 602 1244 recta
624 1177 656 1240 in
677 1177 836 1240 Dominam
856 1177 976 1238 radians
999 1181 1118 1240 aeterna
1140 1175 1277 1256 voluptas

376 1301 407 1356 lt
424 1288 568 1369 Explebat
590 1296 763 1367 suspectum
785 1285 865 1348 oculi
886 1285 1013 1365 pulchre
1035 1301 1087 1345 cre
1109 1285 1282 1359 secundnm,

424 1397 478 1460 llla
495 1399 541 1460 ‘ait
561 1397 650 1460 unius
672 1395 786 1460 demite
808 1396 882 1458 milrl
904 1395 1017 1458 lumine
1038 1395 1134 1456 risus:

424 1507 553 1588 Respice
575 1515 605 1568 et
627 1506 778 1580 ausculta;
800 1523 898 1584 neque
920 1504 1001 1566 enim
1023 1503 1112 1565 modo
1135 1521 1257 1566 cernere
1279 1504 1374 1566 nostri

425 1618 501 1680 Dant
522 1617 698 1678 Paradisum
720 1616 809 1678 cauli.
831 1647 872 1658 -
894 1613 990 1676 Veluti
1012 1613 1063 1676 hic
1084 1614 1263 1694 quandoque
1284 1595 1417 1677 videmus

425 1727 459 1789 ln
480 1727 563 1789 vultu
585 1745 707 1788 sensnm
728 1724 846 1796 mentis,
869 1722 896 1786 si
918 1731 1094 1796 estunam,
1118 1732 1150 1785 ut
1171 1741 1275 1785 omnes

375 1850 409 1902 2⁰
425 1839 547 1900 Auferat
567 1835 638 1898 lruic
660 1833 758 1896 vires:
781 1841 902 1896 sanctae
925 1833 970 1895 sic
991 1832 1068 1895 lucis
1091 1832 1121 1894 in
1144 1833 1220 1910 igne,

425 1947 458 2008 ln
482 1964 570 2027 quem
592 1944 719 2024 respexi,
741 1943 838 2006 luerat
857 1942 931 2004 mihi
952 1941 1029 2004 lecta
1050 1941 1159 2021 cupido

426 2056 549 2119 llorlata
570 2055 648 2116 hanc
669 2071 785 2116 mecum
807 2052 933 2115 ulterius
955 2070 1016 2114 non
1037 2069 1132 2132 pauca
1153 2052 1286 2131 profari:

427 2166 540 2245 Hisque
562 2165 628 2226 inllt
648 2163 763 2226 verbis:
785 2163 818 2224 ln
841 2160 946 2242 quinto
967 2162 1027 2223 noc
1047 2161 1150 2224 limine
1171 2160 1300 2241 plantae,

427 2275 531 2338 Vivere
554 2274 601 2335 cui
622 2283 723 2336 vertex
744 2273 844 2344 donat,
868 2289 944 2351 quae
966 2269 1112 2334 fructibus
1135 2289 1231 2351 usque

378 2400 411 2454 aa
427 2384 579 2456 Luxuriat,
602 2401 658 2446 nec
680 2382 785 2444 lrende
806 2399 866 2444 una
886 2380 1065 2461 spoliabitur
1086 2397 1227 2460 unquam,

428 2495 546 2557 Felices
567 2493 703 2555 habitant
722 2492 849 2565 animae,
872 2509 957 2570 quae,
980 2507 1071 2569 regna
1093 2490 1269 2570 prinsquam

429 2605 509 2667 llaec
530 2604 722 2676 devenerunt,
744 2619 850 2680 magna
872 2618 1000 2666 sonuere
1020 2618 1076 2681 per
1096 2600 1189 2663 imum

428 2715 517 2776 Fama
539 2713 652 2786 orbem,
674 2721 708 2775 ut
728 2712 851 2791 quaeris
871 2710 955 2799 linea
977 2710 1138 2782 emultamt
1158 2711 1268 2792 opima.

430 2823 539 2897 Quare,
562 2822 587 2882 si
611 2822 753 2900 inspicias
773 2821 932 2883 venerandi
954 2820 985 2882 in
1007 2827 1118 2883 cernua
1141 2821 1224 2900 ligni,

380 2933 520 3014 ancujus
543 2950 599 3010 ego
621 2949 730 2992 nomen
753 2929 860 3002 dicam,
884 2929 934 2990 ille
956 2930 998 2990 ibi
1021 2930 1145 3009 lulguris
1168 2931 1264 2994 instar

429 3041 606 3123 splendebit
626 3039 716 3102 celeri
737 3039 879 3102 findentis
901 3039 1003 3102 nubila
1024 3041 1152 3102 flamma.

429 3155 487 3215 Per
508 3169 627 3214 crucem
649 3167 704 3228 ego
726 3149 848 3230 adspexi
867 3149 1079 3228 jubarunum,
1101 3150 1223 3213 nomine
1244 3157 1359 3213 launum

428 3263 530 3324 Jesurs
552 3260 663 3322 audito.
707 3260 813 3322 Subito
836 3258 887 3340 qui
909 3260 1041 3339 eruperit
1062 3259 1149 3338 ignis,

429 3373 491 3434 Nec
512 3372 624 3433 dictum
645 3377 711 3432 ante
732 3369 816 3441 mihi,
839 3387 925 3448 quam
949 3369 1067 3444 lacum,
1090 3387 1181 3432 nosse
1202 3370 1328 3432 facultas

379 3493 412 3546 33
430 3482 485 3543 Est
505 3481 587 3554 data3
610 3487 639 3542 et
661 3479 770 3540 excelsi
792 3479 942 3540 Mactatur
965 3479 1002 3539 ad
1024 3497 1142 3547 nomen.
1164 3479 1301 3542 adactum

430 3590 497 3652 Vidi
518 3589 608 3652 aliurn
630 3607 737 3668 magno
759 3589 871 3650 circum
889 3607 957 3650 sese
979 3587 1052 3650 orbe
1073 3597 1234 3663 rotantum3

430 3700 554 3779 Vimque
576 3718 593 3761 a
614 3698 745 3762 laetitiae
765 3698 893 3760 ducebat
912 3697 1035 3760 verbere
1057 3698 1154 3760 turha.

429 3811 542 3874 Cancer
563 3810 603 3872 ita
625 3819 672 3870 est
692 3827 782 3872 uacui
805 3827 860 3888 pre
883 3807 1228 3888 nemine‚llcuaun1que

429 3920 536 3982 Nostra
558 3920 638 3982 acies
660 3925 772 3980 sectata
793 3918 879 3990 duos,
902 3936 957 3979 ceu
979 3917 1105 3997 suspicit
1126 3937 1236 3999 auceps

379 4037 413 4090 le
428 4030 597 4100 Falconem,
620 4028 732 4108 rapidis
754 4029 805 4107 qui
828 4046 896 4090 sese
917 4026 1038 4089 sustulit
1058 4027 1122 4089 alis.

429 4140 543 4202 Deinde
566 4140 738 4200 Gurnruuus
759 4137 848 4200 simul
871 4145 901 4197 et
921 4137 1089 4200 ll1naannus
1113 4145 1142 4199 et
1164 4136 1213 4199 ille

430 4249 493 4311 Sub
516 4249 634 4328 Solyma
656 4247 762 4310 ductm
783 4247 981 4308 Generuraus
1003 4247 1114 4308 lumina
1136 4247 1172 4308 ad
1195 4235 1284 4309 istar'n

431 4358 538 4419 Nostra
560 4374 679 4418 crucem
700 4357 795 4428 traxit,
820 4355 979 4418 Gumcsaau
1000 4364 1031 4418 et
1051 4357 1169 4420 flamma
1191 4356 1334 4420 Resanrr.

430 4467 544 4529 Deinde
566 4467 639 4528 alias
660 4467 738 4528 inter
758 4473 893 4546 permota
915 4465 1102 4547 immistaque
1123 4467 1215 4540 luces,
