3214 5400
799 575 979 625 Punotvotttt
998 575 1016 625 Ι.

360 803 394 857 tt
413 791 514 874 Osqua
535 793 616 856 laves
637 793 712 873 ipsi,
735 802 766 856 ιιι
788 793 894 856 sordes
916 793 996 856 eluta
1017 793 1139 856 recedat

412 901 531 975 Omnis,
554 919 681 982 namque
704 903 801 984 aliqua
823 902 949 964 nebulae
971 903 1097 979 caligine
1118 903 1218 965 laesos

410 1012 558 1074 lledeceat
578 1013 675 1092 primo
697 1013 779 1075 visus
801 1015 909 1075 oisemo
931 1013 1067 1074 ministro

409 1120 501 1183 dulae
523 1122 672 1184 coelestis.
714 1123 864 1202 Perparva
885 1123 960 1184 haec
981 1121 1078 1184 insula
1101 1123 1131 1183 in
1154 1122 1213 1184 imo

410 1231 529 1305 Fundo,
552 1231 603 1294 ubi
625 1251 658 1294 se
680 1232 797 1294 illidunt
816 1231 930 1306 undae,
953 1232 1010 1294 lert
1032 1239 1140 1311 sponte
1162 1231 1325 1311 palustrem

345 1354 393 1406 100
409 1341 468 1403 Ρο0
488 1341 591 1402 limum
609 1341 750 1421 juncos,
772 1343 809 1404 At
831 1342 952 1422 quaevis
975 1342 1067 1403 altera
1090 1341 1190 1421 planta

410 1451 470 1513 Seu
491 1452 650 1526 frondens,
674 1451 769 1514 solido
793 1469 847 1512 seu
869 1459 953 1512 stans
974 1451 1004 1513 in
1027 1451 1145 1531 stipite,
1168 1450 1279 1512 hahere

410 1561 465 1622 llic
485 1561 575 1622 vitam
596 1561 675 1622 haud
697 1563 810 1641 possit,
833 1579 961 1641 namque
983 1561 1088 1622 harum
1110 1559 1190 1622 nulla
1212 1561 1358 1622 secundat

408 1670 567 1748 Pingarum
589 1670 745 1750 impulsus.
789 1671 833 1732 Ne
855 1679 960 1750 postea
982 1671 1060 1732 serre
1081 1686 1252 1748 regressum

409 1781 486 1842 liinc
508 1780 556 1842 sit.
601 1779 653 1842 Sol
671 1780 735 1861 jam
758 1781 857 1842 oriens
880 1779 959 1842 clara
980 1799 1034 1842 vos
1054 1779 1121 1841 luce
1143 1779 1264 1842 docebit

344 1897 392 1951 100
410 1891 539 1970 Carpere
561 1889 617 1951 iter
636 1889 749 1963 levius,
773 1907 830 1970 qua
853 1890 893 1952 sit
913 1889 1012 1951 minus
1035 1890 1126 1951 ardua
1148 1907 1250 1968 rupes.

451 1999 531 2062 llaec
553 1999 603 2061 ubi
625 1999 702 2061 dieta
724 1998 820 2070 dedit,
844 2000 954 2060 uostris
976 1999 1094 2061 evanuit
1114 1997 1164 2060 ille

408 2109 452 2171 lix
473 2108 578 2170 oculis.
621 2109 685 2188 ligo
706 2110 797 2170 humo
819 2110 898 2172 haud
920 2109 1042 2170 hiscens
1064 2125 1130 2172 mea
1152 2108 1285 2170 mambra
1308 2108 1410 2181 levavi,

409 2219 502 2280 Totus
526 2227 556 2280 et
577 2220 691 2281 accessi
714 2219 845 2292 ductori,
869 2217 1037 2280 solumina
1060 2219 1089 2278 in
1113 2217 1197 2280 illum

408 2328 505 2404 Verti;
527 2335 615 2408 atque
637 2329 665 2390 is
687 2329 801 2408 coepit:
823 2328 896 2402 Fili,
918 2327 1045 2404 vestigia
1067 2335 1170 2390 nostra

343 2450 392 2502 110
409 2438 454 2500 ’10
477 2456 621 2518 sequere,
643 2439 734 2518 inque
755 2439 832 2500 viam
852 2449 933 2500 retro
956 2437 1113 2500 tendamus
1137 2447 1258 2508 00010ος

408 2547 543 2630 Namque
563 2547 633 2609 hinc
654 2547 794 2628 planities
816 2549 892 2610 fines
914 2547 1069 2610 deseendit
1090 2547 1127 2609 ad
1149 2547 1237 2608 imos.

407 2656 469 2718 Eos
490 2656 628 2719 vincebat
648 2657 738 2720 modo
760 2658 839 2720 iacta
861 2657 1035 2738 crepuscula
1058 2657 1147 2720 terris

407 2765 625 2828 Praemeditata
647 2768 762 2846 lugam,
785 2785 842 2829 nec
859 2767 922 2847 jam
945 2767 1050 2847 procul
1072 2766 1141 2829 inda
1164 2765 1300 2830 videbam

407 2875 528 2968 Aequor
549 2876 681 2956 crispato
702 2877 861 2940 tremulum
883 2878 1051 2940 fervescere
1072 2878 1174 2938 iluctu.

342 3002 390 3056 llt
449 2985 510 3048 Per
530 2987 614 3047 vacui
636 3005 696 3048 non
720 2987 797 3048 culta
820 2987 877 3048 soli
899 3007 955 3050 nos
977 2993 1094 3049 vertere
1116 3003 1247 3064 gressus.

409 3094 513 3168 Qualis
536 3096 586 3175 qui
608 3096 736 3157 excessit
756 3103 836 3158 recta
858 3098 980 3175 regione
1001 3097 1123 3169 viarum,

407 3203 445 3264 Et
466 3204 557 3279 redit,
580 3206 694 3268 effusus
715 3207 764 3268 oui
787 3217 849 3268 tum
870 3205 956 3269 labor
976 3208 1021 3268 ire
1042 3207 1167 3278 videtur,

408 3313 509 3375 ilonec
531 3332 568 3377 eo
589 3315 697 3378 veniat.
740 3317 904 3397 Postquam
926 3317 1114 3397 pervenimus
1137 3316 1218 3388 illuc,

408 3423 469 3485 llos
490 3423 541 3485 ubi
563 3443 631 3486 cum
652 3425 744 3489 radiis
766 3434 879 3506 pugnat
899 3426 1062 3499 solaribus,
1085 3433 1174 3506 atquc

342 3548 392 3600 120
409 3533 542 3608 Sedibus¹
558 3534 716 3608 insistens,
740 3554 814 3616 quas
837 3537 948 3598 mulcet
969 3537 1095 3615 frigidus
1118 3541 1178 3608 adr,
1219 3614 1223 3620 Ι

408 3642 543 3705 llaresoit
563 3644 658 3720 lente3
681 3663 773 3724 super
792 3645 917 3708 hcr'oam
938 3656 1078 3725 utrasque
1101 3647 1227 3709 tetendit

269 3827 279 3836 ἐ
409 3751 545 3814 Suaviter
564 3753 615 3816 ille
634 3773 751 3816 manus.
794 3755 858 3832 Ego
880 3763 951 3818 tuuc
972 3756 1052 3818 haud
1075 3757 1197 3819 nescius
1219 3756 1303 3829 artis,

409 3861 503 3935 Quam
525 3863 632 3926 doctor
652 3864 876 3943 molitus‘erat‚
899 3865 970 3928 huic
991 3885 1060 3939 ora,
1083 3883 1234 3946 genasque

406 3971 548 4034 Protendi
569 3973 699 4036 lacrimis
721 3983 868 4036 rorantes.
912 3975 966 4038 llle
988 3976 1122 4038 colorem

343 4089 390 4144 125
408 4081 533 4143 Omnem
555 4083 678 4156 detexit,
702 4084 774 4146 mihi
797 4103 886 4164 quem
908 4086 1055 4148 celaverat
1077 4084 1182 4148 Orous.

448 4190 524 4253 Exin
545 4192 693 4256 desertam
716 4194 814 4274 pelagi
835 4195 1008 4258 devenimus
1030 4215 1145 4267 oram.
1196 4259 1199 4266 ,

408 4301 491 4375 Quae
513 4321 566 4364 sua
587 4303 729 4366 mortales
751 4322 904 4384 nunquam
923 4306 998 4368 vada
1021 4305 1135 4368 findere
1158 4305 1247 4366 remis
1290 4309 1294 4318 '

408 4409 529 4472 Viderat
549 4421 688 4492 expertos
710 4415 850 4476 reditum.
894 4414 950 4478 llic
972 4435 1039 4478 mea
1060 4423 1193 4495 tempora
1217 4415 1307 4476 cinxit

406 4521 465 4582 Pro
487 4519 583 4584 lubitu
603 4523 735 4586 alterius.
778 4524 928 4586 Veromo
950 4523 1086 4588 mirabile
1107 4523 1187 4588 visu!
