3362 5414
138 515 143 662 1
295 526 303 538 ⁴
637 569 831 624 rnrnnuomn
847 573 889 624 nt.

235 802 251 855 5
268 789 454 871 Principium
475 789 559 853 mibi.
601 792 649 854 blo
671 791 743 854 lecit
763 793 863 860 divina
883 803 1027 874 potestas,

267 901 307 962 Et
328 900 475 980 sapientia
497 919 627 975 summe,
650 909 681 964 et
701 902 790 982 primi
811 904 921 966 flamen
942 905 1063 967 amoris.

268 1009 355 1072 Nulla
376 1010 461 1090 prior
481 1029 529 1072 me
550 1029 619 1085 tes,
641 1019 851 1093 praeterquam
873 1021 1008 1088 aeterna,
1032 1023 1131 1077 creata
1152 1022 1207 1089 ost,

268 1120 489 1201 Aeternumque
510 1115 585 1182 mibi
605 1131 654 1187 eet
675 1129 770 1184 status
792 1119 996 1186 immutabilis.
1041 1123 1177 1199 Omnem,

270 1229 386 1303 Oros,
410 1229 461 1310 qui
483 1229 621 1304 intratis,
645 1249 730 1310 spem
750 1233 865 1312 ponite.
910 1232 993 1297 Talia
1012 1233 1109 1312 nigris

219 1348 252 1399 10
269 1339 335 1403 titi
358 1339 469 1420 scripta
492 1340 589 1414 notis,
614 1359 688 1420 quas
706 1341 797 1421 janua
821 1343 920 1405 lroute
943 1337 1074 1420 gerebat.

271 1449 371 1523 Quare
394 1466 469 1528 ego:
492 1449 688 1530 Praeceptor,
710 1453 793 1514 rlsus
814 1451 888 1512 mibi
911 1452 1014 1514 dumor
1034 1453 1141 1515 borum
1191 1494 1196 1503 ·

269 1559 325 1621 Est
345 1578 468 1634 sensus,
492 1559 570 1636 dixiq
592 1567 640 1624 ast
661 1560 727 1634 ille,
750 1572 783 1622 ut
802 1561 848 1622 vir
868 1569 968 1625 mente
990 1563 1100 1642 sagaci,

270 1667 326 1730 llic
348 1667 404 1743 ait,
427 1677 476 1731 est
497 1687 572 1750 opus
595 1669 736 1750 ancipitis
758 1687 851 1748 genus
874 1689 962 1734 omne
983 1670 1102 1740 timorla

271 1778 443 1860 subjecisse
464 1757 524 1842 tuis
544 1779 683 1860 pedibus.
727 1780 905 1843 Derenimus
927 1781 1004 1855 illae,

218 1899 251 1952 15
270 1889 351 1962 Quae
373 1889 450 1963 dixi,
472 1890 578 1963 sedes,
602 1889 653 1952 ubi
676 1889 734 1952 erit
754 1899 892 1972 spectare
914 1892 1061 1964 dolentes,

269 1999 362 2072 Queis
384 1998 502 2062 animae
524 2007 555 2061 et
575 1999 677 2060 cordis
698 2019 813 2076 stmrma
837 2011 883 2062 eet
903 2001 1013 2062 amissa
1035 2001 1180 2082 voluptas.

310 2109 362 2171 Sic
385 2109 449 2183 ifle,
472 2108 679 2191 implicuitque
700 2127 838 2183 manum,
861 2109 1000 2190 vultuque
1023 2129 1131 2178 sereno

268 2218 387 2280 Solutus
410 2219 550 2281 comitem
570 2220 736 2300 penetralia
757 2219 794 2281 ad
817 2220 917 2282 abdite
939 2221 1031 2282 duxit.

267 2327 324 2389 llic
345 2329 469 2390 llentum
491 2329 618 2408 gemitus
641 2329 755 2403 audivi,
775 2339 899 2409 pectore
922 2329 958 2391 ab
980 2329 1041 2392 imo

217 2445 251 2497 uu
268 2437 420 2516 Singultus
442 2439 524 2501 ducti
545 2457 687 2501 resonare
708 2456 764 2518 per
784 2445 853 2500 aira
875 2458 999 2503 coecum

265 2548 291 2609 t
312 2548 426 2623 stellis,
446 2551 571 2612 fluerem
592 2557 626 2610 ut
646 2548 777 2610 lacrimis
799 2548 829 2609 ln
851 2549 955 2616 limine
975 2549 1084 2631 primo.
1115 2574 1120 2596 ·

266 2658 446 2748 Multiplices
468 2659 601 2738 linguae,
624 2657 762 2720 horribili
785 2655 914 2720 stridore
935 2658 1090 2740 loquelae,¹
1118 2705 1121 2712 ,

266 2767 403 2830 Luctillei
426 2777 563 2849 questus,
586 2769 715 2837 ululatus
737 2787 791 2831 ore
811 2769 1000 2843 frementum,
1103 2808 1106 2817 ι

117 2891 130 2908 “
265 2879 361 2940 Voces
384 2878 543 2953 altisonae,
566 2879 744 2953 attractae,
767 2879 934 2959 mistaeque
956 2881 1075 2959 fragore

218 2991 249 3046 25
266 2987 393 3050 Pectora
413 2989 606 3068 plangentum
628 2989 794 3067 palmarum
816 3007 967 3056 murmure
989 2989 1104 3052 circum

266 3098 395 3160 Assiduo
417 3105 487 3160 aera
508 3093 668 3180 pulsabant
689 3099 757 3166 elne
777 3108 915 3179 tompore
935 3099 1063 3179 nigrum,

266 3207 305 3270 Ut
325 3207 458 3288 spirante
480 3209 579 3271 solent
600 3208 726 3288 agitatae
747 3193 866 3270 turbiue
888 3226 1020 3272 arenae:

219 3303 223 3316 '
309 3319 364 3380 Ast
382 3335 457 3397 ego,
481 3317 529 3380 cui
552 3330 642 3398 caput
663 3317 775 3386 erroris
797 3318 924 3396 ealigine
944 3319 1044 3380 stebet
1125 3356 1128 3366 ·
1387 3365 1390 3400 ,

269 3429 421 3502 Cinctum,
446 3428 595 3507 quaesiti:
622 3428 772 3501 Quidnam
793 3427 866 3500 boc,
892 3429 1132 3506 quattuor-berae
1152 3426 1264 3492 auree!

220 3537 456 3614 sputimento
478 3547 525 3600 set
546 3538 659 3618 gentis,
682 3555 762 3618 quae
781 3545 864 3599 taum
885 3535 963 3600 vieta
985 3538 1102 3600 vineam
1133 3561 1136 3608 ;
1196 3561 1198 3568 >

265 3649 435 3711 lloerorum
457 3644 573 3710 fluctu?
595 3649 681 3712 Tunc
702 3648 769 3712 ille:
791 3647 958 3710 Miserrima
971 3649 1040 3710 lata

265 3759 326 3821 lsta
348 3765 471 3824 manent
492 3757 606 3820 mimas
627 3775 772 3839 nequam,
795 3777 874 3840 quae
893 3766 1017 3838 pectore
1037 3757 1127 3825 inerti

267 3868 438 3950 Opprobrio
459 3875 614 3948 expertem
635 3879 725 3950 atque
743 3877 896 3949 expertem
916 3865 1005 3931 laude
1028 3867 1183 3936 trabebant

267 3980 301 4040 ln
322 3978 413 4040 terrie
433 3979 534 4040 ultam.
577 3973 729 4057 Aligerum
750 3973 820 4040 suut
842 3978 960 4058 agmine
981 3980 1074 4058 prauo

221 4092 250 4146 35
266 4089 436 4162 lmmixtae,
459 4109 477 4151 e
499 4107 616 4150 summo
640 4082 715 4169 quae
737 4087 817 4150 baud
839 4087 992 4158 descivere
1012 4085 1144 4166 tonante,
1162 4119 1174 4136 e

267 4197 333 4260 Non
356 4199 430 4260 satis
451 4199 523 4260 nnio
543 4199 640 4273 fidae,
664 4206 695 4260 at
715 4215 770 4280 pro
785 4217 838 4260 se.
876 4195 941 4259 -lla's
963 4197 1074 4278 dejecit
1094 4197 1247 4281 Olympus,
1318 4255 1322 4265 ,

266 4308 393 4390 Propter
414 4319 466 4370 eas
488 4327 526 4372 ne
548 4309 674 4389 pulchra
695 4308 795 4369 ntimo
818 4303 894 4370 coeli
917 4307 983 4368 aula
1003 4316 1155 4384 maneret3

267 4418 331 4480 Non
354 4418 422 4480 illas
445 4418 516 4481 Oroi
539 4419 669 4482 claustra
691 4413 1013 4500 accepere‘proltrntla

268 4527 310 4590 Ne
332 4548 390 4609 qua
411 4531 508 4594 malae
530 4546 566 4592 en
587 4529 664 4610 ipsis
685 4535 821 4590 manaret
842 4527 935 4606 gloria
957 4527 1070 4592 turbae.
1093 4556 1095 4562 ·
