3282 5404
629 496 769 554 ‘Ptntntst
788 505 888 554 ΧΧΧΙΙΙ.

263 722 326 784 Nec
348 741 397 784 res
418 735 566 786 sareeurnt
586 731 751 799 revoeann3
774 741 836 785 non
858 741 946 784 seous
966 723 1033 803 ipse

214 833 246 886 55
263 833 348 894 Nune
370 851 486 906 maneo,
509 851 576 894 oum
597 832 660 894 visa
682 833 756 894 mihi
777 851 872 913 paene
894 832 992 894 omnia
1016 841 1144 902 cessant,

262 943 300 1004 Et
322 962 375 1003 eor
395 943 475 1004 intus
497 942 594 1004 adhue
614 942 723 1004 blanda
745 943 815 1004 inde
838 950 939 1004 exorta
961 942 1097 1022 uoluptas

262 1051 302 1112 ni
323 1053 426 1132 liquat.
469 1053 554 1115 Haud
577 1052 663 1114 aliter
684 1051 818 1125 dissolri,
840 1052 905 1114 sole
928 1058 1059 1131 tepente,

260 1162 317 1222 Nix
339 1163 433 1237 solem
455 1163 534 1224 haud
556 1162 643 1224 aliter
663 1161 744 1224 toliis
767 1162 926 1224 commissa
949 1161 1078 1240 Sibyllae
1181 1166 1186 1175 ‘

262 1271 399 1334 Carmina
421 1271 592 1352 perturbata
614 1271 697 1334 ibant
718 1270 847 1332 ludibria
868 1272 975 1333 ventis.

211 1389 246 1442 tto
305 1381 330 1442 0
353 1381 401 1444 lux
423 1397 546 1455 summa,
570 1381 644 1444 adeo
667 1399 849 1461 exsuperans
870 1380 1008 1442 mortalia
1030 1397 1130 1452 sensa,

261 1491 372 1553 Sustine
393 1508 483 1572 parra
504 1491 547 1552 tui
568 1499 689 1554 nostrae
710 1490 835 1569 vestigia
856 1490 959 1564 menti,

262 1600 365 1673 Qualis
389 1617 455 1662 eras
476 1607 548 1662 tuno
568 1601 631 1662 visa
653 1600 910 1680 minitantiaque
931 1599 1068 1678 loquelae

259 1709 325 1771 Vim
347 1716 468 1784 tantam,
490 1717 525 1772 ut
544 1709 660 1790 possim
682 1711 762 1789 genti
782 1709 922 1772 mandare
943 1709 1059 1771 futurae

262 1819 389 1880 Tantum
412 1835 447 1880 ex
471 1819 579 1893 divina,
602 1838 660 1900 qua
682 1820 826 1882 immense
849 1818 941 1897 gloria
964 1817 1106 1889 abundas,

211 1935 244 1990 at
260 1929 355 1992 Unam
377 1928 546 1990 s'eintillam.
588 1929 722 2010 Namque
743 1929 802 1990 huo
823 1928 967 1990 redeunte
988 1929 1163 2007 frequenter

259 2039 368 2113 Mento,
390 2038 509 2119 meique
532 2039 593 2100 oris
615 2047 702 2102 cantu
723 2045 883 2103 resonante
903 2054 1073 2118 parumper,
1101 2059 1105 2076 ¹

259 2147 350 2210 Forte
371 2147 466 2227 magis
488 2148 591 2229 populi
613 2148 739 2222 discent,
761 2157 796 2209 ut
815 2156 847 2210 tu
870 2147 969 2210 omnia
988 2147 1100 2208 vineas.

261 2257 357 2319 Credo
380 2275 445 2336 ego,
469 2257 507 2319 ob
530 2258 662 2322 ardentis
680 2258 797 2339 jubaris
819 2258 900 2338 quod
920 2256 1018 2318 lentus
1040 2271 1166 2318 acumen

260 2366 406 2440 Sustinui,
427 2385 537 2448 passus
558 2367 707 2430 deiectum
728 2368 806 2430 forte
827 2367 962 2440 inissem,
1039 2405 1045 2420 ι

211 2490 245 2541 7⁰
261 2476 387 2538 Lumina
410 2477 436 2537 si
459 2478 577 2557 quando
600 2476 771 2540 statuissem
793 2495 897 2554 avorsa
918 2486 1030 2538 tenore.

260 2585 298 2648 Et
318 2585 441 2647 memini
462 2586 521 2648 hoe
541 2599 666 2666 propter
686 2605 734 2648 me
756 2594 858 2648 eonua
880 2585 1022 2649 audacius
1044 2583 1115 2657 isse,

259 2695 438 2758 Immensam
461 2696 558 2758 donee
577 2696 715 2761 virtutem
735 2703 817 2758 tutus
839 2695 927 2758 adivi.

304 2805 424 2866 Omihi
447 2806 540 2884 gratia
561 2806 629 2887 opis
651 2805 742 2881 dives,
766 2825 823 2886 qua
845 2805 943 2878 dante,
965 2821 1066 2878 meare

259 2913 326 2976 Non
349 2915 434 2978 timui
456 2924 608 2978 aeternam
629 2916 661 2977 in
682 2917 779 2979 lucem
802 2916 856 2988 sie,
877 2924 920 2988 nt,
943 2913 1029 2993 quod·
1044 2911 1191 2976 habebam

209 3033 242 3088 ⁷5
258 3025 356 3099 Visus,
380 3037 589 3105 consumptum
610 3024 715 3086 tuerit!
737 3025 820 3098 Mihi,
841 3022 986 3103 quidquid
1007 3021 1117 3099 ubique
1140 3030 1196 3093 est,

259 3134 324 3196 Hoe
346 3133 405 3196 alto
428 3141 531 3195 centro
554 3133 731 3206 demersum,
755 3140 786 3194 et
807 3150 908 3194 amore
929 3130 1093 3192 revinetum

260 3244 389 3307 Cernere
412 3243 586 3321 contigerat,
608 3241 697 3304 simul
720 3260 816 3314 omne,
840 3240 920 3321 quod
943 3247 1070 3320 oeeupat
1091 3239 1195 3303 orbem

259 3353 420 3416 Terrarum
441 3352 548 3424 studiis
571 3352 721 3432 aurisque,
742 3351 891 3414 volumine
913 3350 945 3411 in
966 3367 1047 3424 uno;

258 3463 333 3526 Rem
354 3481 409 3544 per
431 3481 463 3524 se
485 3469 573 3543 atque
600 3461 736 3536 modum,
765 3469 794 3524 et
816 3461 895 3539 quod
917 3459 994 3540 privi
1016 3465 1063 3522 eat
1082 3458 1175 3522 moris
1196 3459 1322 3541 utrique,

209 3579 244 3633 8⁰
260 3572 311 3636 Sio
333 3573 461 3636 connata
483 3572 572 3634 simul
594 3580 707 3640 cuneta,
730 3580 763 3633 ut
787 3570 867 3652 quod
889 3569 989 3658 dieere
1012 3586 1114 3642 eonor,

259 3683 307 3745 Sit
327 3682 452 3762 simplex
472 3682 584 3745 lumem
628 3682 713 3744 Tune
733 3701 781 3744 me
802 3681 913 3744 vidisse
935 3688 1070 3760 putarem

259 3793 364 3854 Totam
386 3793 477 3874 hujus
499 3794 625 3869 sormam
646 3792 733 3867 nodi3
755 3810 823 3854 uam
846 3789 933 3871 eopia
955 3789 1043 3868 gaudi

258 3901 384 3980 Largius
406 3901 517 3964 irrorat
536 3909 665 3966 mentem
687 3902 762 3964 haee
783 3899 859 3963 mihi
879 3899 943 3962 visa
964 3899 1076 3960 loeuto.

258 4012 356 4074 Unum
376 4012 470 4074 horae
490 4019 633 4092 punctum
654 4011 727 4074 mihi
748 4011 817 4093 plus
837 4010 916 4080 solet
936 4027 1004 4074 esse
1025 4007 1149 4084 veterni,

208 4129 242 4184 85
260 4123 356 4196 Quam
378 4121 405 4183 si
427 4121 526 4184 saeela
547 4122 651 4184 decem
672 4122 719 4183 bis
741 4132 859 4201 sumpta
880 4127 911 4183 et
931 4120 1021 4201 quina
1040 4117 1186 4182 manenda
1310 4183 1314 4190 ,

257 4232 337 4294 Auso
360 4230 404 4292 illi
425 4231 544 4306 fuerint,
566 4249 623 4311 per
644 4233 724 4312 quod
745 4232 898 4312 Neptunus
921 4229 952 4290 in
974 4228 1078 4310 umbra

248 4342 353 4420 Argus
375 4340 543 4422 suspiciens
565 4342 689 4422 stupuit.
732 4341 786 4404 Sia
805 4348 867 4404 tota
888 4347 1003 4404 morata
1024 4348 1071 4402 est

257 4452 342 4514 tiens
363 4451 456 4514 animi
477 4469 633 4532 suspensa,
656 4451 792 4527 haerens,
813 4448 1068 4534 immobilia-alte
1093 4511 1097 4514 .
