3362 5414
707 598 881 650 reattulit).
1324 620 1414 662 mm

274 783 420 857 Alteram
445 780 726 876 Francogallicam
751 782 955 875 versionem,
982 783 1207 858 intercedente
1234 785 1415 859 clarissimo

173 901 344 998 Mugua,
381 925 420 972 ex
446 899 560 972 codice
586 895 827 997 Taurineusi*)
854 899 995 997 propria·
1012 925 1112 974 mauu
1138 903 1313 1000 exscripsit
1339 903 1414 976 Ga·

171 1020 294 1094 rolus
311 1018 444 1092 Baudi
471 1016 519 1090 de
537 1015 700 1109 Vesrne,
725 1016 775 1088 vir
803 1015 1049 1112 celeberrimus,
1077 1020 1132 1116 qui
1152 1028 1311 1117 quantum
1338 1045 1416 1093 con·

173 1135 354 1210 olorinae
381 1135 609 1208 elucidandam
634 1132 819 1236 historiam,
847 1146 1008 1232 quantum.
1032 1135 1073 1208 ad
1100 1137 1278 1234 explendus
1306 1161 1416 1210 emen-

175 1255 369 1355 dandosque
395 1255 497 1326 libros
520 1253 607 1349 juris
634 1251 756 1344 civilis,
791 1249 909 1326 harum
942 1277 1054 1326 rerum
1080 1255 1207 1350 peritus
1240 1279 1338 1330 nemo
1366 1267 1418 1330 est

176 1372 235 1470 qui
260 1371 396 1445 nesciat

294 1525 329 1586 Je
350 1540 511 1602 comencay
532 1522 628 1584 alors:
650 1528 739 1600 poete
760 1520 923 1584 voloutiers

382 1624 541 1702 Parleroye
564 1641 580 1684 a
603 1623 686 1684 eeulx
708 1621 784 1684 deux
806 1622 857 1702 qui
880 1624 1032 1686 ensemble
1053 1642 1107 1687 sen
1128 1635 1200 1687 vont

247 1739 280 1790 ‘15
384 1725 423 1786 Et
444 1723 591 1786 semblent
612 1729 692 1784 estre
714 1741 751 1786 au
773 1731 842 1785 veut
862 1732 927 1785 tant
947 1725 1041 1786 victos
1063 1733 1093 1786 et
1114 1725 1234 1804 legiers.

297 1826 322 1890 ll
343 1845 392 1888 me
414 1824 473 1886 dit:
497 1832 589 1904 quant
608 1841 710 1885 verras
733 1843 791 1904 que
812 1820 880 1904 plus
902 1842 972 1905 pres
995 1843 1070 1886 nous
1094 1833 1205 1900 serent,

380 1926 440 1989 Par
456 1925 649 2004 lamour'qui
670 1923 714 1986 les
733 1924 835 1985 'maine
858 1923 880 1984 il
901 1925 975 1987 t'ault
998 1945 1055 2006 que
1077 1915 1127 1990 lon
1149 1927 1193 1989 les
1215 1927 1281 2008 pria

381 2027 473 2090 Veuir
494 2025 568 2088 deca
588 2043 655 2087 rere
678 2043 765 2096 nous,
788 2031 818 2086 et
840 2023 868 2087 ie
892 2029 961 2105 croy
983 2025 1062 2106 quilz
1083 2026 1250 2090 vieudront.

299 2123 332 2192 Si
355 2135 416 2190 tost
436 2141 557 2189 comma
574 2126 603 2188 le
624 2137 693 2188 vent
713 2144 781 2188 vers
802 2144 879 2188 uous
900 2126 945 2188 les
968 2125 1057 2205 guido
1079 2136 1109 2188 et
1130 2127 1201 2208 plia,

249 2224 282 2275 80
384 2230 419 2290 Je
440 2245 547 2290 moena
568 2227 597 2288 la
618 2227 686 2288 vair
708 2225 825 2298 disaut;
849 2245 866 2287 o
890 2245 971 2290 ames
995 2237 1195 2290 tourmentees

296 2333 301 2346 “
382 2329 481 2392 Venez
503 2348 519 2391 a
542 2347 619 2390 nous
640 2329 749 2409 parler,
772 2327 798 2388 si
820 2327 935 2408 aultruy
955 2345 994 2389 ne
1016 2329 1111 2410 lenye.

300 2433 421 2494 Comme
443 2425 598 2518 colunibes
619 2436 690 2489 vout
712 2428 751 2490 du
774 2427 856 2490 desir
877 2429 1041 2492 reclamees

238 2521 240 2526 ’
385 2530 508 2594 Volland
531 2531 615 2592 aleur
635 2528 724 2590 doulx
745 2528 796 2590 nid
820 2528 858 2591 de
880 2531 973 2592 terme
995 2539 1025 2593 et
1047 2531 1139 2610 grand
1162 2549 1298 2612 courage,

384 2632 467 2694 dinei
488 2630 533 2692 les
549 2631 599 2692 'viz
622 2648 676 2710 par
697 2630 761 2691 laer
775 2628 903 2693 dardant
924 2629 1007 2693 desir
1028 2641 1149 2712 portees

250 2739 283 2788 85
301 2733 401 2798 Saillir
421 2734 493 2795 hors
517 2730 554 2793 de
574 2730 602 2792 la
624 2741 752 2812 trcuppe
774 2750 813 2794 ou
835 2731 906 2792 dido
929 2733 966 2794 de
988 2741 1107 2812 cartago

383 2835 485 2913 Royne
507 2829 607 2905 estoit,
630 2851 667 2894 en
688 2839 797 2894 venant
819 2851 835 2894 e
857 2851 934 2896 nous
955 2852 1011 2915 par
1031 2834 1095 2896 laer
1115 2834 1255 2914 maligne.

383 2936 460 3000 Lors
483 2933 679 2996 denectueulx
701 2953 751 3014 cry
773 2933 817 2994 dit
837 2933 907 2996 lune
929 2953 967 2996 en
990 2953 1046 2996 sou
1067 2933 1221 3014 langaige:

301 3038 325 3100 Ο
350 3045 483 3098 creature
504 3041 571 3096 tant
591 3033 748 3113 gracieuse
770 3043 800 3096 et
823 3035 962 3126 benigne,

386 3137 445 3210 Qui
466 3131 598 3198 voullant
618 3135 682 3228 laer
702 3135 797 3215 perdu
818 3135 930 3212 visitor,
952 3137 1036 3200 dens
1058 3137 1166 3200 deuera

251 3245 283 3296 90
385 3237 468 3300 Nous
491 3236 541 3316 qui
563 3235 701 3299 lemonde
724 3255 818 3299 arruns
840 3238 917 3300 taint
939 3239 976 3300 de
998 3238 1121 3301 couleur
1143 3239 1297 3320 sanguine.

301 3341 334 3402 Si
355 3357 432 3402 nous
455 3337 607 3400 leussions'
629 3356 710 3417 amys
733 3336 772 3397 du
794 3355 847 3416 roy
869 3337 906 3399 de
927 3327 1061 3401 luniuers

225 3421 228 3428 ⁴
384 3441 467 3502 Pour
489 3454 517 3501 ta
539 3437 607 3518 pair
627 3437 656 3500 le
677 3437 810 3519 pririorra
833 3438 1027 3517 oogdoissaut
1048 3438 1109 3520 quil
1133 3446 1162 3500 te
1183 3439 1266 3518 prise

385 3539 423 3602 Et
445 3558 503 3619 que
524 3559 557 3602 as
578 3538 653 3620 pitie
675 3539 713 3601 de
733 3538 867 3619 vecisse)
889 3547 975 3601 notre
996 3540 1056 3601 mal
1077 3545 1141 3600 taut
1163 3557 1297 3619 paruere.

301 3643 381 3722 lloyr
402 3648 432 3703 et
453 3639 490 3703 de
511 3640 649 3722 parler·a
671 3659 748 3702 nous
769 3639 845 3702 maiz
868 3640 930 3722 quil
951 3649 981 3704 te
1003 3641 1109 3723 plaise‚

251 3749 284 3800 95
385 3741 555 3805 Volentiers
575 3741 732 3823 parlerons
755 3751 785 3808 et
807 3742 913 3806 orrens
934 3745 988 3828 von
1009 3759 1122 3824 propos

389 3843 429 3904 Ce
449 3839 582 3924 pendant
603 3861 660 3923 que
673 3845 838 3920 ***)‘vent‚
862 3843 888 3905 si
911 3861 1026 3907 comme
1047 3843 1068 3905 il
1091 3831 1204 3920 taut†),
1227 3862 1261 3906 se
1281 3845 1367 3908 taise.

301 3945 343 4007 La
367 3952 445 4006 terre
467 3943 556 4006 cuia
578 3943 687 4025 uaequi
710 3963 726 4006 a
749 3962 805 4006 son
826 3945 907 4026 siege
929 3953 959 4007 et
979 3949 1079 4025 repos'

177 4069 587 4082 Ἣ

248 4129 274 4191 *l
293 4129 381 4181 Cllllll.
400 4130 417 4180 l.
435 4131 459 4180 l'.
470 4130 510 4181 33.
530 4131 566 4182 Gi:
584 4131 690 4180 Pasini
709 4131 884 4182 Codices'ldss.
902 4131 1012 4182 biblioth.
1029 4145 1079 4194 reg.
1091 4131 1310 4182 Tausiudtlrenaei
1327 4149 1351 4198 p.
1362 4135 1421 4186 491.

183 4215 294 4266 ldallei
311 4216 335 4264 in
353 4214 530 4281 Euhemeridlb.
549 4215 664 4266 librator.
682 4214 793 4276 Vl,4*14.
812 4223 835 4266 et
853 4218 876 4266 in
895 4216 1028 4282 Opusculis‘
1041 4215 1174 4270 ecclesiast
1192 4215 1223 4276 ll,
1242 4217 1320 4282 leqq.
1339 4219 1422 4270 Polli

185 4300 302 4351 memorie
319 4314 364 4364 per
381 4299 404 4348 la
422 4301 467 4350 rita
484 4299 508 4350 di
526 4299 609 4350 Dante.
627 4299 670 4350 nd.
688 4300 718 4351 ll.
736 4316 761 4365 p.
772 4301 828 4351 175.
848 4301 976 4353 Colomb
995 4301 1030 4352 de
1046 4301 1176 4374 Batines
1194 4300 1210 4352 l.
1229 4317 1249 4353 c.
1267 4318 1291 4367 p.
1310 4303 1368 4366 247,
1383 4306 1423 4358 48.

249 4397 291 4462 “l
307 4401 383 4464 Lege:
401 4403 471 4452 oeoir.

252 4499 310 4563 sare)
327 4502 484 4554 lnsercudum
502 4504 609 4586 ridetur:
629 4505 659 4554 te.
682 4539 683 4544 =

255 4602 286 4665 †l
303 4603 414 4668 Repone:
433 4607 483 4668 fcit.
