3236 5394
399 530 564 539 -..-—..-.-..-
568 527 1009 540 *mm—...-

339 585 379 646 56
777 587 971 638 ronnnnonun
989 587 1033 638 11.

297 679 528 690 -—.-...-—-.

403 806 533 868 Rursum
552 825 622 885 ego:
646 807 702 868 Ubi
716 807 827 868 tlumen
839 807 1053 878 Pnuncnrncn,
1076 805 1128 868 ubi
1146 815 1216 868 sunt
1232 808 1306 869 rada
1322 805 1462 871 Lernen?

405 916 500 977 Unum
522 935 648 996 namque
671 925 766 991 taces,
789 916 931 997 illumque
953 917 1011 978 hoc
1033 933 1169 978 crescere
1191 915 1228 977 ab
1251 916 1345 980 imbre

405 1025 520 1087 Dixisti.
565 1026 628 1088 'lue
650 1035 756 1088 cuneta
779 1026 900 1106 quidem
921 1025 1056 1106 quaesita
1078 1026 1170 1099 fuere,

406 1137 539 1215 Suntque
561 1135 633 1196 mihi
653 1135 800 1216 jucunda,
823 1135 937 1214 inquit3
959 1145 1058 1196 tamen
1081 1143 1182 1198 aestus
1205 1155 1348 1216 aquenum

340 1249 388 1302 lat
405 1245 570 1306 Rubramm
591 1253 709 1325 poterat
731 1244 898 1324 quaesitum
920 1245 1036 1306 solvere
1057 1244 1197 1324 primum.

405 1355 541 1434 Aspicies
563 1356 687 1416 Lernen
711 1354 799 1416 simul
822 1362 910 1433 atque
933 1354 1057 1432 evadere
1079 1354 1116 1416 ab
1139 1355 1196 1417 ista

405 1463 463 1525 Fas
485 1465 575 1526 luerit
597 1466 693 1538 iussa,
717 1482 776 1543 quo
798 1466 832 1526 fit
853 1481 1016 1525 concursus
1039 1464 1077 1526 ad
1098 1465 1203 1539 undas,

404 1573 567 1654 Postquam
589 1575 679 1636 eorda
701 1583 802 1636 terens
824 1573 911 1636 dolor
932 1573 1009 1634 imus
1031 1574 1088 1636 rite
1109 1575 1235 1637 removit

405 1682 529 1764 Calpas,
552 1694 811 1764 approperantque
833 1683 950 1746 animae
971 1683 1151 1764 veniuntque
1172 1684 1309 1748 lavatum.

338 1803 387 1854 13⁰
447 1793 506 1856 Sed
525 1793 589 1874 jam
611 1803 728 1873 tempus
751 1793 809 1855 erit
829 1792 902 1856 silva
924 1793 1096 1866 discedere,
1119 1793 1207 1868 dixit3

403 1905 450 1965 'ln
472 1905 520 1965 lae
541 1911 644 1965 nostra
666 1911 745 1964 retro
767 1903 890 1964 veniens
912 1903 1037 1981 vestigia
1059 1921 1170 1965 serves.

404 2014 481 2076 ltant
501 2030 561 2075 non
583 2023 650 2075 usta
671 2012 748 2074 viem
772 2013 826 2074 tibi
849 2013 932 2093 ripae
954 2013 1052 2087 labra,
1076 2031 1225 2094 superque
1283 1991 1285 1996 ¹

404 2123 574 2186 Postremus
597 2143 665 2186 oras
689 2123 786 2184 omnis
808 2122 1002 2200 restinguitur
1024 2124 1122 2185 ardor.

826 2355 828 2360 ’
905 2385 973 2466 xv.

447 2565 532 2626 Nunc
553 2565 590 2626 de
613 2563 795 2642 marginibus
817 2563 900 2624 duris
922 2583 978 2625 nos
1000 2563 1174 2643 prendimus
1194 2581 1296 2636 unum,

406 2672 602 2754 Caligansque
625 2673 721 2734 amnis
743 2674 841 2734 lumus
864 2673 908 2734 sic
931 2673 1060 2754 desuper
1081 2672 1206 2746 umbrat,

405 2783 442 2845 Ut
463 2784 604 2846 defendat
626 2790 726 2862 aquis,
750 2792 780 2844 et
801 2783 938 2844 claustris
961 2783 1077 2862 aggeris
1100 2784 1209 2861 ignem.

448 2892 569 2967 Qualia,
593 2894 629 2954 ah
653 2893 798 2955 undarum
820 2901 986 2956 metuentes
1009 2893 1133 2972 impete,
1155 2892 1264 2972 Belgae

371 3003 586 3064 tllunimenta
609 3011 727 3065 stmunt
748 3003 827 3066 inter
848 3003 994 3066 Guzzanta
1015 3003 1197 3082 Brugasque,

405 3111 510 3192 objice
533 3131 591 3191 quo
614 3112 768 3174 incurrens
791 3114 898 3174 ductus
919 3113 1012 3174 maris
1034 3113 1104 3174 inde
1126 3113 1266 3187 recedat3

406 3221 512 3295 Qualia
534 3221 664 3302 Trojano
686 3223 823 3301 prognati
845 3223 994 3284 Antenore
1017 3221 1106 3295 cives,

404 3331 530 3392 Distenti
553 3331 652 3393 studio
675 3351 743 3392 rura
766 3340 796 3394 et
817 3331 939 3392 castella
961 3331 1072 3404 tuendi,

403 3441 578 3506 lledoacnm
600 3449 739 3520 propter,
763 3440 873 3501 solaria
894 3442 953 3502 tela
975 3441 1158 3521 priusquam-

355 3564 387 3615 lu
402 3551 494 3630 Alpes
516 3550 628 3611 sentire
651 3550 811 3630 incipiant:
835 3550 890 3612 snb
913 3551 1042 3629 imagine
1064 3550 1116 3614 tali

404 3659 457 3721 llla
480 3660 690 3737 assurgebant,
714 3661 848 3740 quamvis
870 3660 969 3723 minus
992 3661 1051 3722 alte
1072 3661 1230 3741 minusque

403 3768 507 3848 dmpla
530 3777 611 3831 esset
632 3771 744 3844 moles3
767 3770 904 3851 quisquis
927 3770 981 3843 sit,
1006 3771 1056 3850 qui
1080 3778 1142 3832 arte
1164 3771 1305 3851 magister

403 3877 468 3940 lloc
490 3878 588 3957 exegit
609 3898 693 3959 opus.
716 3914 757 3924 -—
780 3881 859 3942 Silva
877 3880 999 3961 jamque
1022 3880 1088 3960 ipse
1109 3881 1213 3942 relicta

405 3988 478 4049 Cum
500 3988 592 4060 duee,
614 3997 727 4050 tantum
750 3990 886 4064 aberam,
909 3999 942 4052 nt
963 4007 1152 4070 nequaquam
1173 4009 1263 4054 nosse
1286 3991 1413 4064 daretur,

356 4103 387 4156 lt
406 4097 472 4170 Quo
495 4097 698 4172 devenissem,
720 4099 792 4162 licet
813 4100 969 4162 observata
990 4108 1155 4160 retrorsum

357 4243 360 4252 ι
405 4205 496 4284 Signa
517 4209 732 4286 requisissem,
756 4209 878 4270 veniens
901 4226 967 4270 cum
990 4209 1169 4271 offendimus
1191 4227 1296 4288 agmen
1361 4230 1366 4238 ·

403 4295 579 4378 Umbrarum
600 4325 724 4397 propter
744 4318 896 4398 lapidosas
918 4319 1035 4398 aggeris
1058 4337 1136 4392 oras,

403 4426 465 4487 llos
488 4425 583 4487 oeulis
606 4428 751 4501 lustrans,
774 4427 864 4490 veluti
887 4428 942 4490 sub
965 4428 1031 4490 luoe
1053 4429 1188 4492 novellae

404 4535 505 4596 Lunae
528 4555 561 4596 se
583 4535 708 4610 alterni,
730 4545 801 4618 post
821 4537 899 4600 lacta
922 4539 1096 4618 crepuscula
1118 4538 1225 4613 noctis,
