3214 5400
583 513 763 563 runcironn
781 515 804 564 v.
869 579 874 588 .

197 732 282 804 Quod
307 732 347 800 si,
372 731 441 792 dum
464 731 540 806 iugi,
562 731 652 792 blirae
674 732 738 794 loca
762 733 817 794 lata
839 733 991 812 petissem,

196 841 268 904 Cum
288 841 373 921 juxta
395 840 534 901 Oriacum
556 859 603 901 me
625 842 753 920 primum
776 851 968 921 oppresserat
989 845 1095 916 hostis,

194 952 279 1012 Nunc
304 969 438 1030 quoque,
461 949 557 1010 vitalis
581 949 630 1011 ubi
654 951 772 1013 ducitur
793 972 878 1023 aura,
901 971 1063 1016 manerem.
1088 957 1090 968 '

145 1061 333 1123 documenti
356 1069 402 1121 est
424 1060 555 1138 quaesita
576 1059 676 1138 palus,
700 1079 871 1140 cannaeque
894 1063 1041 1142 limusque

194 1171 362 1250 lmpediere
386 1169 460 1230 adeo
484 1170 696 1248 trepidantem,
719 1180 752 1232 ut
774 1188 899 1250 corpore
921 1191 1017 1251 prono

194 1280 400 1353 Conciderim3
422 1289 510 1357 atque
532 1279 608 1339 meis
629 1280 689 1340 vidi
710 1299 831 1343 manare
854 1292 1006 1344 cruentum

194 1392 228 1452 ln
251 1389 357 1452 tellure
379 1389 475 1450 lacum
496 1389 589 1450 venis.
613 1421 652 1433 -
676 1390 789 1451 Deinde
811 1391 916 1470 incipit
937 1392 1025 1454 alter:

147 1476 151 1490 ⁶
196 1501 220 1562 0
245 1519 320 1579 quae
342 1510 409 1560 vota
431 1499 552 1560 trahunt
574 1508 602 1560 te
625 1500 697 1560 celsi
721 1499 756 1560 ad
780 1501 908 1562 culmina
930 1503 1048 1574 montis,

147 1621 178 1672 tc
195 1610 245 1672 Sic
268 1616 330 1670 rata
352 1609 426 1670 sint':
450 1625 590 1670 succurre
612 1609 702 1680 meis,
724 1609 920 1672 miserescere
941 1630 1086 1690 praesens

195 1719 291 1781 Corde
313 1718 393 1779 bono
417 1727 505 1796 atque
526 1719 587 1797 pio.
632 1719 746 1779 Primas
769 1719 999 1782 illonsrnurnrus
1022 1742 1109 1784 auras

194 1830 310 1890 [lucere
332 1847 379 1889 me
401 1827 481 1889 vidit.
524 1828 725 1889 Bnoneonruu
747 1847 891 1908 agnosce,
912 1831 1044 1892 Jonnnno

194 1939 260 2000 Non
283 1946 328 2000 est
350 1957 419 2000 cura
442 1938 518 2009 mei,
542 1957 598 1999 nec
620 1939 744 2017 respicit
765 1938 855 2000 altera
878 1947 1013 2016 egentem

195 2048 305 2110 Turba.
350 2047 421 2109 ldeo
444 2047 500 2108 hos
523 2047 600 2108 inter
622 2048 751 2109 demissa
773 2049 871 2110 lronte
892 2051 991 2128 vagari

147 2171 179 2224 95
196 2159 303 2236 Cogor.
326 2189 366 2202 ··-
388 2157 451 2235 Ego
471 2157 557 2218 huic:
581 2157 663 2230 Quae
685 2158 744 2231 vis,
768 2159 920 2220 fortunave
943 2159 1133 2222 Cauracorno

195 2269 238 2329 Te
262 2269 306 2328 sic
328 2268 434 2329 avertit
455 2266 576 2346 procul,
599 2273 633 2327 ut
654 2287 687 2328 se
710 2268 787 2328 scire
810 2268 979 2346 sepulcrum

195 2378 289 2440 Nemo
311 2385 393 2438 tuum
416 2373 521 2438 dicat?
546 2411 581 2424 -
607 2376 690 2437 'l'uno
712 2377 738 2438 is
759 2378 833 2439 mibi
856 2378 924 2440 talia
947 2380 1059 2442 reddit:

81 2455 84 2540 l
194 2487 274 2550 lnira
298 2486 435 2548 Clusinos
458 2505 545 2565 agros
571 2485 711 2565 delapsus
731 2487 850 2559 Eremo,

195 2597 285 2659 Tollit
306 2597 358 2658 ubi
381 2596 498 2657 culmen
520 2603 605 2674 pater
626 2596 800 2674 Apenninus
823 2598 858 2658 ad
882 2606 969 2662 astra.

133 2722 177 2774 luo
193 2708 275 2769 Fons
297 2707 356 2768 ruit
377 2705 516 2785 oblique,
538 2705 704 2767 Archiauus
728 2707 779 2785 qui
800 2707 908 2768 dicitur
929 2708 999 2770 illic.

191 2819 317 2896 Jamque
339 2831 394 2892 ego
416 2814 553 2894 perveni,
577 2833 636 2894 quo
659 2815 753 2877 lentur
774 2817 903 2878 nominis
926 2837 1033 2897 expers

193 2927 291 2999 Unda,
314 2945 412 2988 meum
436 2926 501 2987 diro
523 2923 709 2986 transfossus
730 2926 852 2988 uulnere
874 2936 983 3004 guttur,

193 3037 358 3114 llid'ugiens
379 3036 488 3115 pedes,
512 3042 600 3114 atque
622 3034 754 3096 irrorans
776 3037 919 3115 sanguine
942 3055 1087 3120 campum.

193 3147 248 3208 llic
270 3165 318 3208 me
340 3147 477 3207 deiecere
500 3144 591 3218 oculi,
614 3145 785 3225 pariterque
807 3146 926 3226 loquela

131 3269 177 3322 105
195 3258 375 3319 Clamautem
398 3263 574 3327 extremum,
597 3253 695 3332 lingua
718 3256 860 3332 frigente,
881 3256 1019 3330 llariam3

193 3367 230 3428 Et
252 3383 361 3445 corpus
384 3364 492 3426 mansit
514 3363 621 3426 solum.
664 3364 726 3426 Nec
746 3385 817 3427 vera
838 3365 951 3446 pigebit

193 3477 314 3549 lliccre,
336 3484 429 3554 tuque
450 3475 530 3535 refer
549 3473 633 3536 vivis.
677 3475 832 3560 llemissus
854 3474 890 3537 ah
913 3475 970 3536 alto

193 3585 263 3646 Ales
284 3602 333 3646 me
355 3584 475 3664 prendit
496 3581 635 3646 coelestis
659 3584 786 3645 nuncius
809 3585 908 3658 aulae;

194 3695 352 3756 Tartareus
374 3701 477 3754 contra
499 3692 640 3755 clamare:
665 3694 689 3755 0
712 3701 759 3767 tu,
782 3695 880 3756 incola
904 3694 990 3768 coeli,
1079 3779 1083 3786 ι

129 3815 178 3866 lm
195 3805 253 3866 Cur
274 3822 323 3866 me
345 3803 468 3865 dimittis
489 3801 638 3864 vacuum?
661 3802 706 3864 l'u
728 3811 847 3865 aeterna
868 3812 1005 3884 reportas

75 3895 78 3908 ¹
194 3914 282 3976 letius
305 3912 401 3992 spolia
424 3912 462 3974 ob
484 3912 641 3983 miseram,
663 3911 736 3974 mihi
760 3932 834 3992 quae
857 3914 946 3994 eripit
967 3915 1065 3986 istum,

192 4022 400 4086 Lacrimulam.
444 4022 480 4083 nt
501 4020 608 4101 reliqui
632 4023 711 4099 quod
733 4042 780 4084 me
802 4032 919 4096 manet,
942 4023 1008 4102 ipse
1029 4041 1170 4104 repexum

192 4133 295 4211 Longe
317 4131 403 4193 aliter
423 4132 545 4193 mittam.
589 4131 656 4194 Scis
674 4132 750 4211 jam,
773 4143 805 4194 ut
828 4153 860 4194 se
882 4133 960 4195 tollit
981 4132 1012 4193 in
1034 4133 1122 4195 altum

194 4242 344 4305 Collectus
365 4260 459 4322 vapor
478 4241 619 4302 humidus
642 4250 729 4321 atque
751 4243 863 4304 recedit
885 4243 914 4304 in
938 4242 1073 4314 imbrem,

125 4357 175 4410 115
190 4351 226 4414 ln
247 4351 313 4414 loca
335 4370 403 4413 eum
425 4351 534 4428 surgit,
558 4350 664 4428 gelidis
686 4351 737 4414 ubi
761 4353 914 4431 stringitur
936 4352 1026 4414 auris.

189 4462 257 4524 lluc
277 4461 358 4523 venit
377 4460 473 4524 malus
495 4460 545 4522 ille
567 4461 699 4535 animus,
723 4463 773 4541 qui
794 4461 876 4523 mille
898 4462 1025 4524 nocendi

70 4562 488 4673 l-.·-..-
