3236 5394
332 561 374 626 48
762 561 954 613 tbltattonutl
973 559 1034 613 Xlll.

399 773 533 844 Coruum
556 781 667 844 crimen
689 779 819 860 patriae,
842 782 1020 855 balsamum
1043 782 1140 843 adstat
1501 844 1502 853 ,

396 892 504 953 Pacem
526 891 701 972 progenies,
723 891 799 952 alter·
819 891 999 963 fflruanrus3
1021 891 1108 952 ambo

332 1005 380 1059 135
398 1000 493 1063 Tanto
516 1001 691 1064 infestantes
714 1001 793 1062 bello
815 999 961 1063 insidiosa
982 1001 1106 1062 viarum.

398 1110 494 1190 Tergo
516 1111 625 1174 deinde
647 1111 736 1184 dato,
759 1119 873 1174 remeat
893 1112 965 1173 vada
989 1122 1057 1172 nota
1079 1110 1264 1173 bimembris.

884 1371 974 1454 llll.

439 1549 575 1612 Nondum
597 1550 687 1612 mam
708 1549 823 1611 Nessus
846 1549 930 1631 ripae
952 1549 1093 1612 ulteriora
1116 1549 1244 1622 tenebat,

396 1649 470 1722 Cum
492 1678 593 1721 sumus
615 1659 744 1738 ingressi
767 1659 847 1722 nullo
872 1659 968 1722 tritam
991 1661 1067 1739 pede
1088 1659 1201 1722 silvam.

395 1771 460 1832 Non
483 1770 605 1832 frondes
627 1771 754 1844 virides,
778 1771 861 1832 lusca
883 1777 913 1832 at
934 1769 1085 1847 ferrugine
1108 1771 1233 1844 dnomea

395 1880 461 1942 Non
483 1880 558 1942 rami
580 1881 691 1954 laeves,
715 1888 745 1942 at
765 1879 874 1942 nodosi
891 1879 987 1960 inque
1008 1879 1128 1960 plicati3

362 1990 461 2060 sNon
483 1989 565 2070 pomi
588 1991 723 2064 stabant,
747 1990 864 2071 spineta
888 1999 918 2052 at
937 1991 1025 2070 plena
1047 2007 1170 2052 veneno.

395 2101 461 2162 Nou
483 2100 524 2162 ita
546 2100 656 2162 babent
677 2100 789 2180 rigidas
810 2100 936 2180 stirpes,
959 2100 1132 2180 passimque
1154 2099 1333 2180 trequentes,

396 2211 480 2284 Quae
501 2209 616 2290 tument
638 2207 707 2272 odio
730 2210 878 2272 silvestria
900 2209 998 2272 saecla
1021 2211 1159 2284 ferarum,

394 2322 476 2383 luter
498 2321 646 2383 meorum
670 2329 699 2382 et
720 2319 882 2382 Conuerurr
903 2320 981 2382 culta
1003 2319 1147 2381 locorum.

393 2431 450 2492 llic
470 2430 575 2492 nidum
595 2430 778 2503 obscoenae,
802 2431 996 2510 stropbadum
1019 2447 1095 2510 quae
1116 2429 1216 2491 littore
1238 2429 1370 2494 Teucros

346 2548 377 2597 10
394 2540 501 2603 Omine
524 2540 653 2602 terrifico
675 2541 774 2602 damni
796 2541 937 2621 pepulere
959 2539 1060 2613 loturi,

393 2651 539 2712 Hanunea
562 2658 686 2730 ponunt.
730 2651 821 2713 Latae
843 2651 921 2721 alae,
945 2650 1081 2729 collaque
1103 2659 1133 2712 et
1154 2667 1206 2711 ora

393 2761 540 2833 Humana,
564 2771 652 2840 atque
673 2762 767 2841 pedes
787 2761 871 2833 unci,
894 2759 1090 2840 plumosaque
1109 2761 1210 2840 magui
1325 2791 1332 2812 ι

392 2869 509 2932 Ventris
532 2877 595 2932 erat
617 2869 727 2944 moles,
752 2870 944 2932 abnormibus
965 2869 1131 2931 insidentes

392 2977 505 3042 l‘lantis
528 2978 599 3040 dant
615 2989 747 3060 questus.
792 2981 867 3042 Tum
889 2981 995 3042 doctor
1017 2979 1085 3041 talia
1106 2979 1218 3042 tundit:

345 3097 376 3150 15
391 3089 535 3150 Interiora
557 3089 731 3170 prinsquam
753 3097 784 3152 tu
807 3089 970 3170 penetralia
994 3089 1085 3151 silvae

392 3200 483 3262 Istius
505 3200 628 3274 subeas,
650 3210 680 3262 te
701 3201 858 3262 devenisse
879 3199 1042 3262 secundum

394 3310 524 3382 Circum,
548 3319 772 3390 erratorumque
794 3310 884 3372 isthic
901 3311 964 3390 jam
987 3309 1077 3382 seito,
1101 3310 1272 3372 tremendae

392 3419 436 3481 nd
458 3419 592 3480 cumulos
615 3421 711 3482 donec
734 3421 778 3482 via
800 3430 830 3483 te
852 3420 980 3482 deducat
1001 3437 1119 3481 arenae.

391 3530 553 3608 Propterea
576 3529 709 3610 inspecta
730 3531 866 3611 penitus3
890 3547 1016 3610 namque
1039 3529 1104 3610 ipse
1126 3528 1242 3591 videbis

341 3649 375 3700 to
391 3639 447 3699 His
467 3640 580 3700 lacuna
601 3640 705 3712 tidem,
729 3657 805 3720 quae
827 3655 893 3703 sum
916 3653 1053 3701 sermone
1075 3640 1201 3702 locutus.

432 3749 568 3829 Undique
589 3750 722 3828 ploratus
743 3750 914 3824 veniebant,
937 3750 1069 3830 undique
1091 3751 1187 3824 lictus,

390 3858 452 3920 Nec
473 3857 547 3919 mibi
569 3875 692 3920 cernere
713 3867 779 3920 erat
799 3875 977 3941 quemquam
999 3868 1060 3920 tam
1081 3858 1168 3921 triste
1188 3860 1352 3922 dolentem:

392 3969 491 4042 Quare
513 3969 705 4030 constiteram
726 3977 806 4032 totus
827 3970 988 4033 formidine
1009 3978 1142 4050 torpens.

391 4078 486 4140 Credo
510 4095 579 4156 ego,
602 4078 772 4140 Mineraoerr
791 4089 854 4142 urm
875 4097 924 4142 me
944 4079 1063 4141 venisse
1086 4086 1209 4159 putasse

340 4197 373 4250 ea
390 4187 498 4248 Mentis
521 4187 552 4248 in
574 4189 654 4249 huuc
676 4205 812 4262 sensnm,
833 4198 867 4250 ut
890 4197 933 4250 tot
952 4205 1036 4252 rerer
1057 4189 1181 4251 fundere
1203 4199 1292 4251 voees

391 4297 530 4372 Gentem,
553 4315 629 4377 quae
650 4299 707 4359 bos
729 4298 808 4360 inter
828 4315 928 4362 ramos
950 4299 1067 4362 obtecta
1088 4300 1197 4360 lateret

389 4407 454 4468 llos
473 4417 605 4487 propter.
650 4409 748 4482 Quare
768 4408 868 4470 verbis
889 4420 935 4472 est
955 4409 1064 4472 talibus
1086 4427 1174 4470 usus:

391 4518 485 4580 Unam
507 4515 533 4580 si
556 4518 715 4580 obtruuces
737 4519 840 4600 quavis
863 4537 898 4582 ex
919 4519 1026 4582 arbore
1046 4520 1169 4598 virgam,
