3282 5404
642 495 777 546 rtntuist
794 497 863 546 xxti.

204 727 239 781 6⁰
255 713 369 794 Expiet.
412 713 457 776 lbi
480 714 599 794 quaeris
621 716 763 795 perlecta,
785 713 900 792 integra
923 714 1036 795 cupide

254 817 293 884 lit
313 831 427 885 mature
449 823 520 884 luat.
565 822 661 886 Tenet
680 824 712 885 in
735 844 767 885 se
791 825 934 906 quidquid
955 825 1064 906 ubique
1087 837 1134 890 est

255 933 308 995 llla
330 933 372 994 ibi
394 932 467 1006 sela,
489 931 542 994 uei
565 949 684 1013 semper
706 943 782 995 erat:
805 953 874 994 nam
896 935 1001 995 nullibi
1024 937 1090 998 nim
1112 947 1174 1012 est3

254 1042 322 1104 Non
342 1042 432 1104 habet
452 1043 503 1104 illa
524 1043 621 1122 pulos,
645 1043 697 1105 sed
721 1043 800 1106 scala
820 1043 895 1106 haec
917 1045 1031 1108 scandit
1053 1045 1089 1107 ed
1112 1049 1217 1127 ipsam,

256 1153 354 1225 Quare
376 1171 444 1214 sese
466 1151 553 1213 ocule
576 1152 620 1214 sic
642 1152 789 1214 subtrahit
811 1153 869 1214 alta
891 1154 994 1216 tuenti.

203 1261 354 1340 esusque
376 1261 446 1322 illuc
466 1262 563 1341 ipsam
584 1262 753 1341 pertingere
776 1273 859 1341 parte
880 1281 1008 1342 superna

254 1371 390 1432 Issenses
412 1371 494 1447 vidit,
517 1389 584 1433 cum
606 1371 743 1452 apparuit
764 1371 880 1448 agmine
901 1391 1007 1452 pressa

254 1481 385 1542 Alituum
407 1481 483 1542 coeli
505 1489 595 1542 tantu.
638 1483 676 1542 rit
696 1481 819 1559 vestigia
840 1479 936 1554 terris,

254 1589 337 1652 Hanc
359 1598 391 1651 ut
412 1590 601 1664 conscendat,
623 1609 710 1652 nemo
733 1589 873 1652 divellere
895 1600 986 1661 curat.

255 1700 349 1778 Atque
371 1699 413 1760 ihi
436 1699 603 1762 chartarum
625 1700 734 1762 damno
758 1709 912 1780 composta
933 1701 1076 1762 remansit

203 1818 238 1871 7⁰
254 1807 375 1887 Regula,
399 1827 488 1888 quam
510 1810 659 1872 dederam.
703 1809 789 1882 Muri,
812 1809 955 1871 coenobia
978 1811 1136 1886 quendam,

256 1919 330 1980 Sunt
351 1917 440 1979 uredo
463 1918 622 1998 speluncae
644 1918 725 1994 iacti,
748 1918 904 1999 nostrique
926 1919 1034 1980 cuculli

255 2028 406 2108 Apparent
427 2029 507 2089 sacci
527 2027 629 2089 vitiato
652 2028 767 2090 furfure
787 2003 883 2109 pleniss

254 2138 291 2199 tt
310 2138 390 2199 Deus
411 2137 491 2200 haud
514 2137 576 2200 edit
596 2145 710 2198 unum
732 2155 820 2215 greve
841 2139 956 2211 suenus,
979 2147 1012 2200 ut
1033 2137 1117 2200 illum

253 2246 404 2320 Fructum,
427 2265 487 2326 que
509 2247 648 2308 monaehi
670 2246 715 2308 sic
736 2246 869 2309 insanire
888 2246 1034 2308 ridentur.

203 2367 237 2420 75
253 2356 327 2418 Nam
350 2357 493 2436 quidquid
515 2365 612 2418 servat
635 2365 737 2418 custus
760 2356 896 2427 ecclesie,
918 2357 949 2418 id
972 2375 1061 2418 omne

253 2465 397 2547 Pauperis
419 2473 466 2527 est
487 2467 639 2545 poscentis
662 2485 751 2546 opem
772 2466 828 2528 sub
850 2467 979 2544 imagine
1002 2467 1120 2540 Christi,

253 2575 319 2638 Non
338 2575 400 2656 jem
422 2576 548 2652 cognati,
572 2593 629 2638 nec
649 2576 807 2638 deterioris
829 2575 928 2636 amici.

253 2684 357 2746 Vestra
379 2685 454 2746 adeo
475 2684 584 2746 blanda
606 2694 653 2747 est
673 2705 755 2760 cero,
778 2696 810 2748 ut
830 2684 909 2748 haud
932 2687 1004 2747 satis
1026 2705 1094 2748 esse
1115 2695 1235 2766 putetur

253 2795 407 2875 Inceptum
428 2792 499 2855 felix
518 2793 579 2856 illic
601 2815 618 2856 a
638 2795 756 2857 roboris
779 2804 848 2858 ertu

202 2914 236 2968 80
252 2903 297 2964 nd
319 2904 450 2982 glandes.
494 2903 578 2984 Opus
599 2905 658 2966 hcc
677 2905 796 2966 Perses
820 2913 866 2966 est
885 2921 1046 2984 aggressus
1066 2905 1163 2968 inanis

251 3014 372 3092 Argenti
394 3021 481 3092 atque
503 3013 588 3075 euri:
608 3015 723 3095 jejunia
745 3023 848 3076 nestra
869 3034 1035 3094 precesque

251 3123 416 3196 Falacrem,
439 3140 474 3184 ec
494 3124 591 3202 pietas
613 3141 702 3202 quern
724 3122 942 3185 demississime
964 3124 1085 3184 claustri

251 3232 424 3294 Fundamnt
443 3233 557 3313 proprii
579 3251 712 3308 murum3
735 3233 812 3294 etsi
834 3241 940 3312 coepta
961 3233 1094 3294 revolvas

253 3340 411 3422 cujusque,
435 3360 469 3404 ac
490 3351 608 3422 repetas
629 3343 699 3404 inde
720 3359 817 3423 usque
838 3343 896 3404 hcc
918 3342 1061 3422 temporis
1083 3361 1196 3418 acuunt,

201 3459 235 3514 85
252 3451 382 3514 Candida
402 3451 568 3531 nigrantem
589 3452 670 3514 dices
692 3451 813 3514 dumsse
835 3451 978 3514 colorem.

249 3559 326 3623 Vere
347 3580 432 3624 versa
454 3571 533 3624 retro
555 3562 692 3625 remens
713 3562 832 3642 lympha
851 3581 1009 3625 recurrens

250 3669 321 3731 Plus
344 3671 408 3744 luit,
431 3679 528 3751 atque,
549 3671 667 3734 volente
687 3672 760 3745 Dec,
781 3671 864 3732 rubri
886 3672 955 3748 iuge
976 3673 1092 3740 fluctus,

250 3779 323 3841 Mira
346 3780 440 3842 oculis
462 3781 624 3854 homiuum,
648 3800 737 3862 quam
758 3781 808 3842 isti
830 3782 977 3844 medicina
999 3782 1105 3843 deleri.

250 3887 306 3950 liic
328 3889 384 3964 ita3
407 3898 437 3952 et
457 3891 526 3954 inde
549 3910 621 3952 sues
642 3890 738 3970 petiit.
782 3891 856 3952 lleiu
877 3891 963 3953 turha
985 3900 1086 3953 coacta

200 4005 234 4057 90
251 3997 335 4072 Tota,
358 3999 437 4060 velut
458 3999 556 4076 turbe,
579 4020 646 4062 sese
668 4001 699 4063 iu
721 4001 847 4062 sublime
868 4003 991 4081 recepit

292 4108 393 4170 Dulcis
415 4129 462 4172 me
484 4111 592 4172 mulier
612 4130 691 4190 pene
712 4111 780 4173 illes
801 4111 918 4191 impulit
935 4129 995 4172 unc

250 4217 375 4293 Indicio,
398 4227 431 4282 ut
451 4228 571 4284 sanctae
593 4225 767 4301 superarem
787 4221 930 4286 altissima
952 4221 1065 4297 scalam

251 4328 301 4389 Sic
322 4328 415 4390 virtus
437 4331 526 4410 heim
548 4338 682 4391 naturam
704 4330 814 4393 vicerat
835 4347 963 4408 aegram.

248 4439 311 4500 Nec
334 4438 388 4502 luit
408 4439 458 4502 hic
480 4459 610 4520 unpmm
631 4439 697 4501 lece
719 4459 775 4520 per
796 4440 935 4504 stublimia
957 4451 987 4504 et
1008 4442 1067 4503 ima

1146 4547 1202 4598 23*
