3362 5414
238 506 293 550 vm
370 515 375 524 ·
773 485 948 538 PRAEFATIO.

232 639 292 770 pei
318 672 405 746 solas
433 681 542 746 tamen
570 669 803 745 conversiones
830 670 871 744 ad
897 670 986 744 illam
1011 669 1182 744 literarum
1213 671 1481 746 communionem

233 791 407 889 pervenire
432 792 530 884 licet,
563 813 647 888 quae
673 788 773 862 bodio
800 811 868 860 non
895 788 1009 860 doctos
1036 787 1244 862 solummodo
1270 791 1380 884 viros,
1420 792 1482 864 sed

236 910 391 982 cultiores
417 932 566 1008 quosque
593 928 654 1004 per
679 906 865 981 universam
891 905 961 978 foro
987 905 1154 1004 Europam
1181 909 1359 981 consociat
1400 909 1481 994 Qui·

234 1027 296 1100 bus
323 1027 426 1124 igitur
452 1050 565 1099 carere
592 1025 771 1118 nescimus,
799 1049 854 1100 eas
881 1023 1030 1120 ingenito
1056 1025 1198 1124 quodam
1224 1025 1303 1098 vitio
1319 1027 1480 1122 laborare,

236 1170 414 1244 earumque
441 1168 483 1216 ne
511 1143 667 1240 optimam
693 1143 826 1242 quidem
848 1142 973 1240 justam
1000 1153 1121 1216 meum
1148 1143 1342 1240 contingere
1368 1169 1480 1242 posse,

233 1265 405 1338 fateamur.
453 1263 545 1348 Quae
572 1262 661 1336 enim
687 1261 723 1334 in
749 1262 859 1360 operis
885 1259 1007 1359 poetici
1024 1262 1295 1360 interpretatione
1314 1263 1480 1338 desidera-

234 1407 327 1475 mus,
362 1393 399 1454 ut
431 1381 574 1454 auctoris
609 1379 807 1453 sententiam
838 1403 953 1478 presse
979 1381 1141 1479 pleneque
1168 1392 1344 1479 sequatur,
1379 1391 1414 1456 et
1446 1392 1483 1456 ut

235 1501 370 1574 insimul
419 1498 505 1573 dulci
551 1523 708 1572 versuum
751 1508 913 1572 concentu
961 1498 1067 1596 ipsius
1115 1501 1256 1598 exempli
1302 1499 1482 1596 imaginem

235 1619 399 1712 exhibeat,
427 1642 465 1690 ea
490 1618 631 1692 invicem
658 1641 771 1691 secum
796 1640 957 1714 pugnare,
984 1641 1082 1691 nemo
1109 1627 1171 1711 est,
1189 1618 1243 1717 qui
1272 1643 1340 1692 nou
1362 1619 1482 1694 rideat

233 1738 285 1812 Ad
311 1747 433 1811 meum
459 1759 548 1829 vero,
575 1759 673 1834 quarn
700 1735 831 1833 assequi
856 1735 981 1808 nemini
1009 1745 1060 1810 est
1085 1760 1297 1830 concessum,
1324 1738 1483 1812 accedere

235 1867 324 1930 corte
350 1878 548 1954 possumus,
577 1864 611 1927 et
635 1853 734 1950 longe
760 1853 897 1953 propius
924 1854 995 1926 siue
1023 1853 1123 1928 dubio
1150 1865 1373 1949 accesserunt,
1401 1881 1483 1954 qno-

235 2000 309 2050 rum
327 1999 427 2074 opera
443 1974 566 2048 nostris
590 1973 794 2071 temporibus
808 1975 988 2069 scriptores
1004 1973 1127 2047 alienas
1144 1973 1275 2069 linguas
1290 1975 1482 2072 loquuntur,

235 2119 332 2194 quam
366 2094 422 2191 qui
458 2093 546 2190 apud
577 2102 706 2165 veteres
741 2092 880 2166 eandem
907 2092 942 2164 in
968 2116 1004 2165 se
1030 2102 1246 2188 susceperant
1268 2093 1483 2189 provinciam.

233 2215 277 2287 At
303 2235 433 2286 sacrum
460 2235 604 2302 carmen,
631 2211 729 2306 longe
756 2209 997 2303 nobilissimus,
1023 2234 1122 2308 quem
1154 2219 1204 2283 tot
1230 2211 1360 2285 saecula
1388 2213 1482 2288 Chri·

236 2333 362 2405 stianae
388 2353 529 2426 poeseos
556 2329 713 2420 tulerunt,
731 2328 869 2422 fructus,
896 2352 975 2425 prae
1002 2329 1141 2402 caeteris
1158 2329 1294 2426 dignum
1311 2340 1372 2424 est,
1394 2334 1484 2430 qsrod

236 2451 272 2523 in
299 2449 448 2522 omnium
473 2448 670 2546 populorum
686 2447 892 2520 Christianae
918 2445 994 2520 tidei
1023 2447 1229 2522 addictorum
1251 2451 1484 2526 communione

236 2568 415 2656 habeatur;
442 2565 559 2638 llivina
580 2565 769 2658 Comoedia,
787 2590 870 2664 opus
894 2575 944 2638 tot
964 2565 1129 2664 tantisque
1157 2566 1404 2642 difficultatibus
1423 2569 1484 2644 im·

237 2688 396 2786 peditum,
413 2685 545 2782 siquod
565 2684 665 2776 aliud,
683 2685 792 2782 poscit
809 2686 1036 2782 interpretem,
1063 2685 1119 2782 qui
1134 2685 1185 2758 vel
1203 2686 1334 2760 ltalicae
1349 2688 1485 2786 liuguae

237 2805 352 2905 peritis
378 2806 414 2877 in
440 2803 654 2900 intelligendo
682 2802 826 2876 carmine
859 2803 1041 2876 subveniat.
1094 2803 1234 2877 Tantum
1267 2831 1344 2880 vero
1379 2808 1484 2902 abest,

238 2935 276 2998 ut
303 2925 401 2997 unius
428 2922 621 3014 alteriusve,
649 2921 890 3018 quantumlibet
917 2921 1004 2994 docti
1023 2931 1056 2994 et
1082 2921 1260 3017 ingeniosi,
1293 2924 1485 3024 interpretis

240 3067 341 3140 opera
367 3042 408 3114 ad
435 3040 657 3139 expediendos
692 3063 826 3132 omnes,
859 3040 979 3138 quibus
1013 3039 1159 3113 abundat
1191 3065 1344 3138 carmen,
1377 3046 1485 3120 nodos

240 3159 399 3253 sufficiat,
428 3169 465 3231 ut
491 3158 585 3231 ardui
611 3157 710 3254 hujus
735 3159 898 3256 propositi
924 3159 1122 3257 assequendi
1150 3183 1265 3234 caussa
1300 3162 1485 3259 doctorum,

240 3281 295 3378 qui
323 3288 402 3352 sunt
426 3279 514 3376 apud
540 3301 655 3349 omnes
682 3277 838 3350 cultiores
863 3277 1014 3376 populos,
1028 3276 1158 3350 labores
1184 3278 1220 3351 iu
1247 3305 1350 3354 unum
1375 3283 1486 3357 collati

240 3399 460 3498 requirantur.
514 3395 582 3469 Sed
607 3396 689 3468 haec
716 3396 919 3470 diversarum
946 3395 1095 3492 gentium
1121 3397 1228 3470 studia
1245 3423 1312 3472 non
1328 3401 1372 3474 ita
1388 3401 1485 3476 facile

240 3526 396 3613 poterunt
422 3515 624 3606 consociari,
660 3515 724 3588 nisi
751 3516 843 3610 operi
871 3515 1100 3587 communibus
1132 3515 1257 3591 viribus
1290 3519 1484 3596 illustrando

242 3658 315 3706 eam
340 3634 432 3729 prins
460 3633 648 3706 dederimus
680 3633 840 3728 linguam,
875 3657 958 3730 quae
985 3633 1139 3706 omnibus
1173 3636 1278 3710 doctis
1312 3650 1364 3712 est
1396 3665 1485 3714 com·

241 3751 363 3825 munis.
398 3751 452 3841 Et,
480 3751 508 3822 si
524 3750 709 3824 accuratius
728 3750 979 3846 inspexerimus,
1007 3776 1139 3825 carmen
1164 3755 1309 3828 divinum
1326 3757 1486 3832 Latini·

243 3881 328 3943 tate
356 3870 479 3942 donare
494 3868 603 3942 minus
621 3870 828 3966 desperatam
842 3893 913 3942 rem
928 3869 1069 3944 fortasse
1088 3873 1248 3967 dicemus,
1275 3901 1384 3973 quam,
1403 3904 1486 3976 quas

243 3989 428 4084 complures
455 3987 560 4059 moliti
592 3997 687 4080 sunt,
723 3988 955 4061 conversiones
989 3990 1022 4061 in
1056 3991 1186 4088 linguas
1220 3999 1486 4073 vernaculas.

242 4107 478 4180 llocentiorum
505 4106 592 4178 enim
619 4107 808 4201 linguarum
833 4117 951 4180 natura
977 4107 1011 4179 in
1039 4111 1181 4209 compito
1209 4115 1302 4210 quasi
1318 4139 1380 4189 nos
1397 4129 1487 4190 tenet

244 4226 416 4323 ancipites,
443 4235 554 4298 utrum
580 4225 615 4298 in
630 4225 859 4299 transferenda
875 4226 1052 4299 Comoedia
1068 4229 1183 4302 llantis
1197 4232 1350 4328 rhythmo
1366 4259 1486 4332 magis,

243 4369 286 4418 an
312 4343 495 4418 sententiae
521 4344 763 4418 inhaereamus.
801 4339 845 4416 ‘nt
870 4345 926 4443 qui
952 4348 1039 4420 sacri
1066 4350 1221 4424 carminis
1246 4350 1388 4426 sormam
1407 4379 1487 4452 poe·

243 4465 343 4542 ticam
369 4461 405 4534 in
430 4461 772 4536 homoeoteleutorum
806 4467 1076 4541 concatenatione
1112 4469 1203 4542 omni
1237 4494 1374 4546 numero
1410 4474 1488 4548 red·
