3234 5396
588 520 769 572 eunmronu
787 521 886 572 xxvru.
1240 523 1301 586 247

138 603 483 624 mal-.-

234 740 320 802 Nunc
342 738 395 801 tibi
416 738 567 812 sollicitat,
589 747 619 800 et
640 758 716 818 quac
738 735 792 802 tibi
813 739 940 818 plurima
962 739 1057 804 nubes

236 850 344 921 officit,
368 849 445 910 hanc
466 857 589 927 tergam.
631 850 816 929 Superorurn
837 850 1050 932 hominumque
1070 851 1207 932 voluptas

235 961 366 1032 Summa,
389 958 438 1020 illa
459 959 526 1039 ipsa
546 959 671 1038 placens
693 979 802 1038 perse
825 959 978 1032 sitiente,
1001 961 1112 1024 creavit

184 1069 217 1122 85
231 1069 368 1149 Primum
388 1068 540 1130 hominem
561 1068 744 1148 dederatque
766 1068 855 1130 bonis
876 1071 1021 1132 excellere
1044 1071 1141 1144 lactis,

232 1181 329 1258 Atque
350 1178 423 1240 istas
445 1178 544 1251 sedes,
567 1185 705 1240 aeternae
726 1186 759 1240 ut
780 1179 904 1258 pignora
925 1178 1019 1260 pacis.

233 1289 332 1369 lpsius
355 1288 394 1349 oh
415 1286 518 1350 vitium
538 1287 618 1350 hand
640 1287 683 1350 illi
705 1307 788 1350 mora
810 1287 898 1367 longa
917 1297 1072 1370 receptum

233 1398 289 1460 llic
311 1397 409 1473 dedit;
431 1397 471 1458 ob
492 1398 595 1460 vitium
617 1398 648 1458 in
669 1398 780 1460 luctum
802 1407 1009 1478 moestumque
1032 1399 1164 1462 laborem

232 1507 271 1568 Et
290 1507 409 1569 dulcem
431 1506 533 1570 ludum
554 1515 585 1570 et
606 1507 701 1568 risum
723 1507 845 1570 mutavit
865 1507 1035 1570 honestum.

183 1623 215 1674 tto
233 1617 285 1690 Ne,
310 1637 386 1698 quos
408 1625 609 1696 progenerant
630 1616 687 1678 isto
709 1616 766 1678 sula
788 1626 898 1690 monte,
920 1636 1046 1696 vapores

233 1727 343 1788 Terrae
366 1735 395 1789 et
414 1745 519 1806 aquae,
541 1726 621 1789 soliti
644 1725 718 1788 solis
740 1727 883 1790 sectarier
904 1736 1027 1801 aestum,

233 1836 339 1909 Quoad
362 1837 439 1909 lieet
462 1837 609 1898 humanae
630 1836 771 1898 condictu
793 1835 869 1898 bella
891 1836 1005 1898 cierent

231 1947 369 2020 Naturae,
392 1947 504 2009 idcirco
526 1965 612 2009 mens
633 1946 683 2008 hio
705 1946 880 2006 conscendit
900 1946 931 2008 in
953 1946 1043 2009 altum

231 2057 297 2118 lluc
319 2076 430 2136 usqne:
450 2065 483 2119 nt
503 2065 587 2136 parte
608 2075 645 2118 ex
666 2055 724 2126 illa,
748 2073 836 2134 quarn
855 2055 946 2135 janua
967 2055 1086 2130 claudit,

182 2173 214 2225 95
233 2167 325 2228 Liber
345 2167 457 2246 ubique
478 2175 587 2228 manet
630 2165 691 2228 Sed
714 2183 801 2237 nunc,
825 2165 892 2242 quin
914 2153 994 2226 totus
1016 2165 1047 2226 iu
1070 2165 1173 2226 orbem

233 2277 306 2338 Cum
329 2276 426 2356 prima
446 2276 523 2338 coeli
546 2277 674 2356 sphaera
694 2274 877 2336 convolvitur
896 2281 957 2347 adr,

233 2385 283 2459 (Ni
304 2386 395 2448 latere
417 2405 453 2447 ex
474 2386 574 2464 aliquo
594 2385 666 2446 huic
687 2383 842 2464 proprium
864 2384 1055 2464 interruperit
1076 2384 1162 2447 obiex

97 2510 108 2524 “
233 2496 406 2573 Circuitum)
428 2497 487 2557 hoc
508 2496 567 2558 alto
590 2495 620 2556 in
643 2493 750 2574 spatio,
773 2495 853 2574 quod
875 2493 906 2556 in
928 2500 998 2556 aere
1018 2493 1084 2556 viro

232 2607 367 2669 lmmnne
389 2614 419 2668 et
438 2623 563 2668 vacnum
585 2613 639 2678 est.
661 2605 775 2684 initque
794 2613 825 2666 et
844 2613 986 2683 personat
1007 2623 1126 2666 omnem

170 2729 216 2780 too
232 2718 288 2779 llic
309 2725 408 2778 motus
430 2716 543 2788 silvam,
566 2716 634 2795 quia
655 2715 765 2795 plantis
787 2715 881 2778 densa
902 2714 1052 2794 superbit:

232 2828 269 2890 Et
290 2835 403 2888 tantrun
425 2826 524 2906 planta
544 2825 601 2886 icta
624 2832 733 2904 potest,
755 2832 788 2886 ut
809 2825 923 2904 repleat
941 2843 1044 2887 auram
1159 2840 1166 2862 ·

231 2938 343 3000 Virtute
365 2937 430 3016 ipsa
453 2956 522 3009 sua3
544 2944 575 2996 et
596 2953 682 3014 gyros
704 2934 814 2996 deinde
835 2934 900 3013 ipsa
922 2943 1069 3004 retexens,

230 3047 314 3110 Hanc
336 3047 438 3126 ptulit.
482 3044 581 3108 Altera
603 3045 720 3118 humus,
742 3052 831 3123 prout
853 3063 908 3124 per
929 3063 963 3106 se
985 3052 1031 3105 est
1052 3045 1149 3122 digna,
1172 3042 1255 3105 suive

209 3158 371 3220 ‘Naturam
391 3156 431 3218 oh
453 3155 539 3228 coeli,
561 3156 595 3216 fit
615 3171 780 3234 praegnans
802 3153 960 3232 saccisque
982 3153 1075 3231 gignit

169 3276 214 3328 loo
231 3269 401 3330 Plantarum
421 3265 502 3328 varia
524 3272 554 3326 et
575 3265 670 3326 varias
692 3263 849 3343 prodentia
870 3262 960 3324 vires.

230 3377 293 3439 Nec
313 3396 384 3438 vero
406 3385 511 3456 posset
530 3374 638 3436 vestris
660 3391 709 3434 res
732 3372 805 3434 mira
826 3371 928 3445 videti,

230 3487 264 3551 Si
287 3487 405 3565 quando
426 3484 574 3548 audierint
595 3483 724 3562 aliquam
746 3482 795 3544 hio
817 3481 883 3544 sine
905 3482 1019 3544 semine
1041 3493 1111 3544 uoto

229 3597 344 3658 Mittere
366 3595 481 3658 radices
503 3592 646 3675 plantam.
689 3593 726 3654 llt
747 3592 799 3654 tibi
821 3591 900 3654 seire
921 3591 1030 3665 licebit,

231 3707 267 3768 Ut
288 3723 374 3768 sacer
394 3705 444 3766 hic
465 3723 598 3784 campus,
620 3723 709 3783 quom
731 3703 837 3777 calcas,
861 3702 975 3764 semine
997 3701 1128 3764 abundat

166 3821 211 3874 110
230 3815 405 3894 omnigeno,
427 3815 575 3895 talemque
597 3813 674 3876 solet
694 3812 874 3876 concludere
895 3813 1033 3884 fructum,

230 3924 437 3999 Qualem-illic
458 3924 594 3988 manibus
616 3942 678 3986 non
700 3931 746 3986 cst
768 3923 934 3984 convellere
955 3921 1075 3996 vostris,

228 4035 291 4098 Nec
312 4054 387 4115 quas
409 4034 508 4096 cernis
528 4053 631 4114 aquas,
653 4041 773 4096 manant
794 4052 829 4094 ex
850 4051 981 4112 paupere
1002 4051 1085 4103 rena,

228 4146 326 4219 Quam
345 4163 439 4224 vapor
459 4144 605 4206 instauret
626 4143 720 4222 glaeie
741 4142 874 4206 solvente
895 4142 1034 4220 rigorem,

227 4255 265 4317 Ut
286 4255 417 4329 fluvium,
441 4254 491 4333 qni
513 4252 641 4332 acquirit
662 4271 737 4332 opes
757 4253 896 4332 viresqne
918 4252 1054 4325 remittit3

164 4375 210 4429 11⁵
227 4365 288 4428 Sed
311 4366 393 4428 sonte
414 4383 451 4426 ex
468 4363 566 4426 solido
589 4371 730 4442 certoque
751 4380 908 4442 erumpere
929 4369 1065 4443 pergunt,

226 4474 265 4537 Et
287 4483 398 4538 tantum
419 4475 608 4555 accipiunto
629 4472 737 4536 nummi
758 4473 878 4536 numine
898 4473 989 4550 regis,
1108 4449 1111 4460 ¹

108 4661 1121 4690 'mmm-m-ffl-mmffl
