3282 5404
624 525 759 577 rnnaetsr
775 527 832 578 xvi.

841 615 1335 634 *nm

226 745 287 806 lste
310 763 396 806 suum
419 751 465 804 est
485 743 567 806 visus
590 744 759 824 quingentis
783 744 906 809 orbibus
929 745 1007 824 ignis

178 865 209 919 ³5
226 853 369 934 Expletis,
392 853 553 934 deciesque
575 853 700 924 octonis,
723 871 828 916 rursus
850 861 885 915 ut
904 853 961 916 ista

227 963 289 1024 Sub
311 963 411 1044 planta
435 963 562 1025 arderet.
606 963 744 1024 Patribus
767 963 912 1026 cunabula
935 963 1049 1044 primis.

226 1076 322 1152 Atque
344 1072 418 1134 mihi
440 1072 524 1134 dedit
544 1072 571 1132 is
590 1071 686 1146 locus,
709 1072 794 1136 urbis
815 1072 866 1134 ubi
889 1073 989 1135 ultime
1012 1082 1095 1136 sexta

225 1182 280 1244 Est
300 1183 384 1262 regio
406 1201 442 1244 ex
464 1199 562 1255 cursu,
585 1199 673 1262 quem
696 1181 780 1244 robis
800 1181 889 1245 ludus
911 1201 1055 1263 equorum

225 1293 349 1354 annuus
372 1290 507 1355 absolvit.
548 1291 597 1353 Nil
619 1293 656 1353 de
678 1291 841 1372 majoribus
862 1293 949 1354 uitro.

176 1409 210 1463 4⁰
227 1402 285 1476 Qui
308 1401 428 1475 inerint,
452 1421 527 1482 quae
549 1419 655 1463 caussa
678 1401 738 1462 iilis
760 1401 839 1463 hene
860 1402 988 1464 suaserit
1008 1401 1112 1464 urbem
1155 1477 1160 1494 ,

224 1514 384 1592 Appetere,
408 1522 454 1573 est
474 1511 605 1574 tacuisse
627 1511 731 1590 magis,
754 1529 842 1590 quam
866 1511 977 1586 dicere,
999 1512 1169 1576 honestum.

226 1621 321 1683 Totus
343 1621 383 1682 ibi
405 1621 614 1702 populosam
636 1621 682 1683 vis
705 1629 768 1683 eret
789 1629 857 1700 epta
879 1621 1012 1685 ferendis

224 1731 332 1804 Armis,
356 1731 381 1792 ei
405 1729 531 1811 incipias
553 1751 569 1793 a
591 1732 692 1793 Martis
715 1730 752 1792 ad
774 1747 870 1810 usqne
890 1731 1015 1793 Joennis
1074 1743 1082 1749 ·

226 1841 352 1915 Cultum,
376 1842 477 1921 quinta
500 1849 577 1915 tuae,
601 1855 689 1921 quant
712 1841 772 1902 scis
794 1839 1015 1914 medensem,
1037 1841 1134 1918 gentis

174 1952 208 2005 45
224 1946 298 2012 Pars
321 1962 393 2013 erat.
437 1951 553 2012 Urbana
577 1959 607 2012 at
628 1950 760 2024 soboles,
782 1950 872 2012 modo
895 1949 1009 2012 semine
1030 1950 1120 2014 mista

224 2060 337 2140 Campi,
360 2060 498 2134 Certaldi
520 2059 648 2136 riguini,
671 2077 746 2139 pura
768 2067 886 2139 reperta
908 2067 954 2120 est

223 2170 361 2232 Intimum
384 2171 420 2232 ad
443 2187 538 2251 usque
560 2169 686 2232 fabrum.
729 2170 790 2232 Sed
812 2177 922 2249 quanm
945 2170 1076 2250 optatius
1095 2179 1186 2246 esset,

224 2280 309 2341 Nunc
332 2298 449 2359 quoque
471 2279 616 2352 finitimis,
640 2297 714 2359 quas
736 2279 814 2352 dico,
837 2278 975 2357 gentibus
998 2280 1040 2342 uti

225 2389 286 2465 Sic,
308 2395 341 2450 nt
362 2388 544 2468 Trespianus
565 2396 680 2452 tentum
701 2396 732 2452 et
753 2388 926 2469 Gelloppius
947 2389 1015 2452 urbi

174 2501 207 2555 5⁰
224 2500 382 2560 Terminus
403 2499 549 2573 haereret,
572 2517 659 2579 quant
681 2499 741 2563 has
757 2499 833 2560 inne
855 2499 974 2563 moenia
994 2499 1115 2574 hebere,

223 2609 424 2689 Putoremque
445 2609 507 2690 peti
528 2627 605 2688 pago
626 2607 771 2688 Agulioue
794 2609 923 2688 proiecti
971 2635 974 2642 ·

223 2718 319 2781 Villici
341 2729 370 2781 et
392 2719 514 2782 alterius
537 2719 647 2797 Signae
669 2719 736 2792 orti,
756 2718 818 2798 jam
839 2719 930 2781 nimis
950 2719 1027 2781 acris
1143 2795 1145 2798 v

221 2829 266 2890 Ad
289 2829 432 2891 fraudem.
476 2829 551 2903 Nisi,
575 2847 664 2908 quam
685 2829 753 2909 plus
775 2829 974 2908 degenerasse
994 2825 1135 2904 videtin
1256 2801 1259 2816 Ι

166 3005 169 3014 ,
221 2939 366 3002 interris
389 2955 462 3018 gens
482 2938 615 3018 Augusto
639 2947 789 3019 comperta
812 2956 939 3000 noverca

172 3047 204 3103 55
221 3049 319 3124 Esset,
343 3057 373 3110 at
393 3057 426 3111 ut
446 3048 572 3128 proprio
593 3049 720 3126 genitrix
741 3067 801 3110 non
823 3049 933 3110 rustica
956 3057 1035 3122 nato,

223 3159 304 3220 Talis
326 3177 359 3220 se
377 3159 471 3239 jactat
490 3158 580 3220 modo
603 3158 749 3236 sanguino
768 3157 983 3230 florentinum,

204 3269 321 3342 ·Mutat,
344 3277 501 3343 mercetur,
521 3268 728 3347 seminantem
751 3267 801 3346 qui
822 3266 867 3328 ire
890 3266 1030 3346 cupisset,

221 3378 318 3440 Patris
338 3377 390 3440 ubi
411 3377 529 3456 genitor
549 3397 657 3459 parrae
679 3377 767 3457 stipis
789 3395 839 3438 ees
861 3376 1020 3455 rogitabat.

220 3487 434 3550 Montemurlus
456 3487 553 3550 adhuc
575 3486 722 3550 Comitum
745 3486 800 3548 sub
818 3487 887 3567 jure
908 3498 1044 3549 maneret

172 3599 204 3652 ⁰⁰
222 3599 398 3672 Contentus‚'
417 3598 591 3679 Cenenrque
613 3598 721 3665 forent
744 3596 794 3659 uhi
816 3604 919 3677 postor
939 3596 1070 3658 Aeonem

222 3707 371 3769 Convocat
393 3727 462 3768 aere
484 3725 555 3768 cavo
577 3708 729 3788 populum,
754 3714 784 3769 et
804 3706 941 3768 fortassis
964 3715 1097 3770 emarcet

221 3817 306 3878 Nunc
329 3836 446 3898 qnoque
467 3817 635 3894 Veldigravi
657 3825 719 3878 tnta
741 3816 803 3880 otia
822 3816 1074 3880 Bonoetuonnse.

264 3927 425 4006 congeries
448 3929 571 3989 confusa
593 3927 748 3990 hominum
769 3925 825 3988 iuit
844 3944 940 4005 usque
962 3927 1107 3992 malorum

220 4037 319 4099 Prima
340 4037 407 4098 urbi
428 4037 520 4111 labes,
543 4038 711 4117 patinarum
734 4042 766 4098 ut
786 4035 875 4115 copie
895 4036 1007 4100 nostris

171 4145 203 4199 ⁶5
221 4145 419 4226 Corporibns3
442 4147 591 4228 citiusque
614 4149 701 4222 cadit,
726 4146 778 4228 qui
799 4144 920 4208 luminis
942 4160 1048 4226 expers

221 4257 335 4318 Taurus
358 4265 414 4331 eat,
438 4276 526 4337 quam
547 4273 651 4338 agnus,
672 4257 787 4338 pariter
806 4256 855 4318 cui
874 4255 976 4318 lumen
997 4257 1168 4338 ademptum
1190 4267 1252 4335 est3

218 4365 279 4427 Neo
301 4383 371 4428 roro
391 4368 487 4447 magis
508 4388 544 4430 ac
565 4369 683 4442 melius,
705 4381 795 4448 quem
816 4365 915 4447 quina,
938 4367 1052 4430 secabit

221 4475 312 4541 Unica
332 4477 378 4538 sis
400 4476 500 4556 gladii.
543 4481 577 4542 Si
597 4489 695 4541 tecum
718 4478 778 4540 iata
798 4475 930 4540 revolves
