3362 5414
255 1919 477 1994 doctrinarum
504 1943 632 1994 summe
659 1921 827 1996 studiosus
855 1922 901 1996 sis
928 1931 1062 1994 etcum
1089 1920 1243 1995 omnibus
1268 1919 1372 1994 Musis
1398 1918 1499 1994 ratio·

254 2065 331 2113 nem
364 2040 486 2113 habeas
519 2063 611 2132 eam,
652 2051 690 2113 ut
721 2041 768 2114 Te
802 2040 844 2112 ad
877 2040 1092 2138 conspicuum
1126 2041 1266 2138 aliquem
1301 2038 1499 2112 eruditionis

253 2160 363 2232 locum
396 2169 544 2232 evectum
578 2183 694 2232 omnes
731 2159 936 2232 admirentur
978 2168 1012 2230 et
1043 2157 1248 2255 suspicianti
1310 2155 1397 2241 Ouid
1431 2166 1495 2250 est,

254 2278 344 2374 quod
369 2286 456 2349 artes
483 2278 644 2370 ingenuas
672 2287 705 2349 et
730 2277 897 2370 elegantes
924 2275 970 2348 Te
998 2275 1152 2349 audiente
1178 2274 1332 2348 laudandi
1359 2284 1393 2346 et
1418 2299 1498 2346 con-

255 2393 442 2468 celebrandi
476 2394 680 2491 provinciam
714 2395 900 2491 suscepisse
933 2393 1063 2486 videar,
1100 2394 1220 2492 quippe
1255 2415 1353 2490 quern
1386 2393 1497 2490 ipsum

256 2524 410 2610 tanquam
449 2513 615 2608 exemplar
646 2535 794 2584 summae
828 2522 897 2584 tum
933 2512 966 2583 in
1000 2513 1122 2604 sacris,
1163 2521 1234 2584 tum
1274 2511 1307 2583 in
1341 2511 1497 2585 humanis

253 2630 358 2704 literis
385 2629 542 2702 scientiae
565 2630 761 2726 jamdudum
786 2653 984 2702 veneremur
1010 2640 1043 2701 et
1069 2629 1240 2702 amemusi

264 2735 269 2746 ’
355 2748 392 2821 si
418 2772 485 2820 non
512 2749 607 2845 piane
635 2749 752 2841 alieni,
787 2758 821 2820 at
853 2757 943 2819 certe
977 2747 1135 2844 superflui
1168 2747 1248 2844 quid
1280 2747 1496 2844 proposuisse

253 2867 544 2964 persuasissimum
583 2865 665 2939 mihi
701 2843 877 2958 haberem,
919 2866 1005 2958 nisi,
1040 2889 1099 2937 cur
1132 2888 1234 2961 opus,
1268 2866 1358 2962 quod
1384 2866 1497 2938 omnia

254 2986 414 3078 omnium,
441 2985 497 3082 qni
523 2985 596 3080 plus
623 3009 720 3082 quam
746 2985 863 3078 vulgus
890 2983 1022 3078 sapiunt
1046 2984 1246 3080 egregieque
1269 2984 1395 3056 cordati
1417 2995 1497 3055 sunt

254 3105 425 3196 homines,
459 3102 615 3196 suffragia
641 3103 757 3175 tulisse
790 3111 935 3192 constat,
962 3100 1034 3173 Tibi
1060 3102 1270 3198 potissimum
1296 3125 1494 3174 consecrare

254 3223 400 3320 'l’uisque
443 3219 600 3317 auspiciis
641 3219 777 3292 credere
819 3229 852 3290 et
892 3218 1122 3292 commendare
1159 3220 1337 3312 voluerim,
1382 3219 1492 3316 aliquo

253 3342 350 3414 modo
377 3339 454 3412 inde
480 3348 617 3435 pateret.
669 3338 751 3410 Dico
778 3362 881 3435 opus,
909 3337 1016 3433 quod,
1043 3361 1107 3434 quo
1134 3337 1208 3434 quis
1235 3339 1365 3410 brevius
1392 3347 1493 3434 anpue

254 3462 361 3558 aptius
386 3458 474 3556 loqui
501 3456 688 3550 consuevit,
715 3481 754 3528 eo
779 3455 936 3529 libentius
963 3480 1001 3529 ac
1027 3455 1246 3530 confidentius
1273 3455 1493 3528 nominaverit

253 3582 418 3676 poeticum
444 3576 608 3672 quoddam
634 3574 782 3646 omnium
807 3597 919 3646 rerum
946 3585 979 3644 et
1003 3575 1210 3646 terrestrium
1238 3585 1272 3646 et
1297 3574 1491 3646 coelestium

255 3689 451 3793 σύνταγμα
474 3692 525 3764 vel
552 3694 681 3764 docum
707 3692 870 3787 quandam
903 3692 1051 3764 omnium
1088 3693 1128 3764 de
1155 3692 1400 3765 conditionibus
1427 3691 1489 3764 hu·

254 3813 372 3904 manis,
387 3811 506 3907 iisque,
533 3809 771 3882 interveniente
797 3809 958 3904 religione
977 3809 1175 3903 Christiana,
1194 3835 1268 3883 cum
1284 3811 1491 3906 providentia

254 3931 363 4006 diviua
396 3929 565 4021 connexis,
592 3921 910 4024 φιλοσοφημάτων
937 3923 1164 4022 συμπλοκήν.
1204 3929 1265 4001 His
1290 3953 1367 4001 vero
1394 3953 1488 4025 prae-

253 4049 365 4123 missis
390 4071 470 4120 num
497 4047 574 4144 quid
602 4056 654 4117 est
677 4070 814 4118 necesse
842 4045 974 4117 disertis
999 4046 1108 4118 verbis
1136 4047 1269 4139 addere,
1295 4071 1349 4119 me
1376 4046 1489 4118 dicere

252 4167 404 4241 Divinam
437 4164 537 4237 divini
563 4165 679 4237 Dantis
704 4163 877 4259 Aiiigherii
904 4163 1133 4257 Comoediam,
1168 4189 1266 4263 quam
1292 4164 1338 4236 Te
1365 4164 1488 4260 ipsum,

253 4287 414 4360 Panucnrs
447 4284 687 4375 Snannrssrna,
721 4307 786 4379 qua
826 4307 862 4354 es
896 4282 1029 4376 linguae
1054 4281 1185 4354 ltaiicae
1219 4282 1342 4355 saeculi
1370 4282 1488 4354 nancei

255 4405 441 4501 cognitione
476 4412 509 4473 ct
541 4403 575 4473 in
610 4401 799 4472 reserandis
833 4401 1086 4498 aperiendisque
1119 4401 1273 4473 sensibus
1305 4401 1488 4474 reconditis

253 4521 456 4612 dexteritate,
481 4518 517 4590 in
542 4518 688 4612 linguam
714 4519 853 4613 patriam
873 4520 975 4591 multo
1003 4518 1248 4615 elegantissime
1274 4517 1484 4590 transtulisse
