3282 5404
431 397 439 440 1

623 577 757 626 Pratotst
774 577 840 627 XXX.

232 794 269 856 lli
291 795 389 856 iecere
411 793 480 868 sibi,
502 795 613 870 luctati,
637 794 799 858 accendere
821 805 927 876 puram

168 904 215 960 1⁰5
231 905 344 966 Lucem
364 903 526 983 Evangelii.
569 905 670 968 Nostri
692 906 839 979 scurrilia,
862 906 946 967 lusus

231 1013 405 1087 Verborum,
428 1015 505 1077 male
527 1015 605 1078 salsa
628 1024 767 1096 crepant3
791 1023 820 1078 et
843 1015 1002 1077 dummodo
1026 1015 1178 1077 abundent

232 1123 331 1197 Risus,
353 1123 480 1198 inilatur,
506 1125 569 1187 sola
590 1127 665 1187 baec
687 1137 733 1187 est
755 1143 834 1200 cura,
858 1125 1001 1188 cucullus.

232 1234 285 1296 Ast
308 1234 340 1294 iu
361 1233 484 1294 fasciola
506 1234 575 1295 talis
598 1235 687 1296 cubat
708 1235 779 1309 alea,
802 1242 844 1308 ut,
867 1236 967 1316 ipsum

233 1343 265 1405 Si
286 1343 390 1420 vulgus
412 1343 518 1418 videat,
541 1345 684 1422 gauderes
708 1364 841 1419 cernere,
865 1344 982 1424 qualem

170 1463 217 1515 llo
231 1454 391 1533 Exspectet
410 1453 536 1527 veniam,
561 1455 646 1536 cujus
668 1455 776 1516 fiducia
798 1455 900 1516 crevit.

233 1564 278 1625 0b
303 1582 390 1642 quam
412 1563 554 1624 stultitiae
576 1572 689 1626 tantum
712 1576 863 1643 grassatur
884 1565 915 1626 in
938 1563 1019 1637 orbe,

231 1673 270 1734 Ut
291 1671 356 1734 sine
378 1679 455 1734 teste
476 1673 538 1734 ullo
561 1675 682 1754 cupiant
705 1675 903 1753 quodcunque
924 1672 1038 1753 pacisci

232 1782 428 1844 Promissum.
471 1785 568 1866 Atque
590 1784 659 1847 idco
681 1803 806 1864 porcum
827 1784 1021 1863 pinguescere
1043 1782 1138 1844 sancti

233 1892 367 1954 Vidimus
388 1893 508 1968 Antoni,
532 1902 621 1974 atque
644 1894 719 1956 alios
741 1895 800 1954 hoe
822 1893 859 1954 de
881 1911 978 1971 grege,
1001 1893 1103 1973 porcis

170 2012 216 2066 115
232 2001 366 2082 Pejores,
390 2003 496 2064 solitos
518 2023 580 2064 non
603 2022 691 2065 cusos
713 2002 845 2084 pendere
865 2021 1015 2064 nummos.

274 2113 312 2173 At
333 2112 473 2192 quoniam
494 2113 607 2193 placuit
626 2114 746 2192 longum
770 2113 915 2174 divertere
938 2111 1022 2185 callo,

206 2257 211 2266 .
232 2221 317 2284 Nunc
335 2222 398 2302 jam
420 2223 537 2302 respice
561 2224 619 2286 iter
640 2234 763 2298 rectum,
786 2230 818 2284 ut
838 2220 886 2282 via
908 2221 1014 2283 damna
1035 2219 1181 2298 rependat

234 2331 401 2411 Temporis.
444 2331 505 2393 lsta
528 2334 636 2410 gradm
657 2352 713 2413 per
735 2341 858 2396 cunctos
881 2331 990 2393 crescit
1011 2331 1139 2394 adauctu

232 2441 342 2504 Natura
364 2441 521 2516 immenso,
543 2450 576 2504 ut
596 2461 771 2523 percanora
792 2442 871 2504 nialla
894 2440 1021 2521 loquela,

170 2563 216 2617 lto
231 2552 293 2613 Nec
314 2551 359 2612 vis
380 2551 516 2613 mortalis
538 2571 694 2616 numerum
716 2553 883 2614 subducere
904 2549 1010 2630 possit.

232 2661 270 2721 Et
290 2660 326 2735 si,
349 2679 423 2740 quae
444 2661 558 2736 Daniel,
581 2662 666 2724 coelo
686 2670 881 2736 monstrante,
903 2659 1023 2734 revelat,

154 2853 155 2858 ἵ
234 2769 345 2831 Tecum
367 2769 466 2832 animo
487 2779 617 2849 reputes,
642 2791 677 2832 ea
698 2771 792 2834 millia
813 2771 1002 2832 millenorum

232 2879 309 2941 lluic
329 2879 519 2960 praefinitum
540 2899 694 2943 numerum
718 2881 816 2943 celare
837 2880 964 2944 videbis.

235 2988 317 3061 Quae
338 2988 434 3069 prima
455 2990 533 3053 hanc
554 3009 674 3052 emnem
695 2991 824 3052 illustrat
845 2991 903 3064 lux,
926 2989 1046 3068 dispare
1068 3005 1182 3063 norma,

167 3101 216 3156 115
234 3099 350 3178 Totque
371 3099 469 3160 modis
490 3099 580 3160 variis
602 3098 726 3178 proprio
748 3098 948 3160 communicat
968 3097 1065 3176 ipsam

233 3207 369 3283 Lumine,
393 3217 465 3288 quot
487 3216 556 3271 suut
578 3207 754 3288 splendores
777 3207 836 3268 sibi
857 3208 979 3268 loedere
997 3205 1103 3285 juncti.

232 3318 270 3379 Et
292 3318 432 3399 quoniam
454 3320 578 3380 allectus
600 3315 743 3398 sequitur,
767 3317 816 3397 qui
839 3315 980 3396 concipit,
1003 3323 1110 3390 actum,

232 3427 286 3489 lsti
309 3429 405 3491 dulcis
428 3446 512 3490 amor
531 3428 613 3490 11111
634 3429 785 3508 servetque
807 3435 959 3508 tepetque.

232 3538 317 3600 Nunc
338 3539 388 3600 lac
408 3537 536 3602 sublime
558 3536 707 3618 adspicias
728 3538 899 3618 pariterque
921 3535 1101 3617 protundum

168 3655 218 3706 131
232 3648 356 3710 Virtutis
378 3648 501 3728 pelagus
524 3665 666 3722 summae,
690 3667 767 3728 quaa
789 3656 833 3709 tot
855 3646 1044 3726 speculorum

232 3759 364 3821 Perleoit
384 3757 505 3820 millena
528 3757 594 3832 sibi,
617 3757 649 3819 io
671 3777 747 3838 quae
769 3757 924 3835 frangitur,
947 3756 979 3816 in
1002 3773 1035 3816 se

233 3867 308 3931 llum
330 3875 431 3931 manet
450 3885 508 3930 una
530 3873 619 3947 atque
640 3886 699 3929 una
720 3885 815 3947 aeque
838 3865 984 3942 subsistit,
1006 3871 1137 3928 utente.

633 4189 640 4201 .
714 4127 812 4212 XXX.

274 4307 366 4371 llillia
389 4309 465 4370 torte
486 4307 592 4388 procul
613 4307 660 4369 bis
681 4307 753 4369 binc
774 4306 831 4368 tria
851 4303 945 4366 millia
966 4303 1061 4364 111111

234 4418 320 4481 Sexta
343 4418 426 4492 hora,
450 4424 539 4497 atque
559 4417 680 4480 umbras
701 4415 752 4478 hic
773 4415 901 4479 mundus
925 4413 1079 4492 adusque
1101 4411 1200 4476 cubile

232 4527 359 4592 lncliuat
379 4529 508 4609 planum,
532 4545 598 4589 oum
621 4527 733 4589 sensim
756 4545 788 4590 se
811 4525 921 4588 arduus
943 4523 1045 4587 aether
