3282 5404
350 489 413 552 324
477 564 482 578 Ι
810 492 945 544 rennuis!
964 493 1018 544 xit.

416 710 453 771 Ut
471 709 569 772 subita
591 717 621 772 et
642 710 773 772 candens
793 726 842 772 mc
863 709 1061 772 circumfulsit
1082 717 1111 772 et
1131 703 1184 772 icit

365 842 399 895 td
415 817 542 881 Lumina
563 819 640 882 victa
661 819 736 882 mibi
757 837 819 881 non
841 817 916 882 ultra
937 837 1026 900 passa
1049 819 1190 884 nitorem!

456 929 495 991 nt
515 937 574 990 nm
595 929 728 990 lormoso
750 928 918 1010 ridentique
940 947 992 992 ore
1013 929 1146 992 Brarnrx

416 1035 509 1099 Obvia
531 1037 609 1100 lacta
630 1037 704 1100 mibi
726 1046 782 1112 est,
803 1046 836 1100 ut
858 1057 913 1117 ago
936 1039 1016 1102 inter
1036 1048 1152 1102 caetera
1173 1039 1315 1120 linquam,

416 1146 499 1220 Quae
521 1165 605 1210 mens
628 1157 729 1210 nostra
752 1147 838 1226 sequi
859 1148 936 1210 baud
958 1145 1060 1210 valuit.
1102 1148 1160 1212 llic
1180 1151 1296 1214 reddita
1318 1159 1422 1216 nostro

415 1255 470 1317 Est
490 1255 582 1318 virtus
604 1257 701 1334 oculo,
723 1265 753 1319 et
774 1273 865 1334 regna
887 1257 924 1320 ad
945 1258 1040 1336 magis
1063 1257 1121 1320 alta
1142 1259 1248 1322 salutis

364 1378 397 1432 7⁵
416 1365 589 1428 Translatus
610 1365 693 1429 sensi
714 1367 797 1428 solus
819 1366 894 1431 duce
915 1385 978 1429 uon
999 1367 1065 1430 aine
1086 1367 1168 1432 ilina.

414 1475 507 1555 ldque
529 1475 604 1538 satis
625 1476 742 1538 monuit
763 1477 842 1538 risus
865 1477 979 1558 majore
1000 1495 1162 1540 coruscans

414 1582 555 1658 Flamma,
578 1603 637 1666 quc
658 1585 723 1648 risa
744 1595 791 1648 est
812 1586 878 1648 sine
899 1605 982 1648 more
1004 1586 1163 1650 rubescere
1187 1587 1280 1650 stalla.

415 1693 471 1756 ilic
492 1712 548 1773 ego
570 1694 661 1756 corde
682 1695 733 1774 pio
756 1697 878 1770 euneos,
901 1713 1020 1776 quoque
1043 1695 1182 1760 omnibus
1204 1716 1264 1760 uno

416 1803 560 1866 Sermone
582 1812 629 1866 est
649 1805 702 1880 uti,
725 1807 933 1886 superumque
953 1805 1167 1886 bominumque
1188 1819 1351 1887 parentam,

364 1913 482 1987 sollus
505 1931 605 1992 prece,
628 1914 760 1995 adorari,
780 1933 835 1996 par
856 1923 901 1977 est
921 1933 1050 1994 pensare
1072 1914 1220 1978 novellum

416 2022 480 2084 lloo
502 2023 629 2100 donunr;
652 2024 776 2088 etmihi
799 2023 877 2087 sacri
898 2025 930 2088 iu
952 2025 1043 2088 corde
1064 2025 1205 2105 piaminis
1227 2027 1316 2090 ardor

416 2131 553 2194 Nondum
576 2133 736 2197 exhaustus
759 2143 832 2210 crat,
854 2153 921 2196 cum
944 2142 990 2197 sat
1010 2132 1160 2214 placuisse
1181 2136 1302 2200 litamen

417 2242 555 2304 Oblatum
578 2244 674 2306 inuste
697 2243 776 2306 nori.
820 2245 894 2308 Nam
916 2243 1004 2324 copia
1027 2251 1108 2306 tanta

416 2351 565 2432 Fulgoris,
587 2361 688 2416 tactim
709 2354 903 2434 splendorum
924 2354 991 2416 luce
1012 2353 1171 2418 rubentum

365 2473 399 2528 85
416 2463 516 2526 lmbcr
536 2482 570 2524 sc
592 2461 697 2526 elludit
718 2449 870 2526 radiorum
892 2482 928 2526 cx
949 2463 1018 2542 igue
1041 2463 1176 2539 duorum,

415 2572 546 2652 Impetus
567 2580 600 2635 ut
622 2574 712 2636 luerit
733 2574 876 2636 clamare:
899 2572 934 2646 0,
958 2572 1017 2654 qui
1031 2573 1110 2636 licus
1133 2593 1223 2636 ornas

416 2681 468 2743 Sic
490 2680 579 2744 istos!
602 2681 707 2757 Veluti,
729 2683 862 2746 vadente
883 2683 1041 2762 minusque
1063 2685 1217 2764 magisque

415 2790 542 2852 Lumine
563 2790 725 2867 stellarum,
748 2791 886 2854 distincta
908 2793 1009 2872 polum
1032 2792 1112 2855 inter
1132 2802 1289 2874 utrumque

415 2900 504 2962 bibet
524 2901 575 2973 ita,
597 2908 630 2962 ut
651 2900 755 2964 doctas
778 2903 867 2980 agdtct
887 2903 932 2964 via
955 2901 1049 2964 lactea
1071 2911 1203 2978 mentes3

366 3014 401 3068 to
417 3009 501 3072 Haud
525 3009 611 3072 aliter
631 3010 726 3072 stellis
748 3011 849 3092 stipati
871 3010 902 3074 in
923 3012 1016 3074 blarte
1037 3013 1186 3092 profundo

416 3120 468 3184 Ris
491 3119 600 3199 gamini
623 3120 720 3199 lrdgor
737 3121 853 3201 jubaris
874 3121 1043 3184 venenbilc
1066 3123 1182 3199 signum

416 3231 569 3304 Nectebat,
589 3229 687 3311 juncti
709 3232 788 3311 qnod
810 3231 998 3310 descripsere
1020 3234 1198 3312 quadrantes

415 3340 577 3420 Explentes
598 3339 733 3403 circium.
755 3373 796 3386 -
818 3340 882 3414 llic,
905 3341 1030 3404 memori
1052 3361 1128 3422 qnae
1149 3345 1269 3406 condita
1290 3351 1397 3421 merite,
1522 3339 1525 3354 ”

416 3448 571 3528 Ingenium
594 3460 752 3530 superant3
773 3469 870 3530 neque
891 3450 982 3524 enim,
1004 3469 1062 3530 qua
1084 3453 1197 3530 fulgere
1219 3455 1367 3520 Christum

366 3575 400 3628 95
417 3559 452 3620 ln
474 3577 562 3621 cruce
583 3577 639 3638 ego
660 3558 731 3633 vidi,
753 3560 929 3639 exemplum,
952 3562 1032 3640 quod
1054 3561 1182 3642 imagine
1204 3573 1286 3628 tanta

417 3669 462 3731 Sit
483 3667 615 3746 dignum,
637 3668 710 3730 mibi
731 3669 829 3732 adbuc
849 3669 945 3749 patuit
965 3671 1099 3751 reperire
1120 3682 1266 3752 potestas.

386 3801 392 3816 ·
416 3778 455 3840 bt
475 3777 654 3859 quicumque
676 3796 795 3842 crucem
816 3779 874 3842 sibi
896 3780 974 3841 tollit
994 3799 1073 3860 ponc
1095 3791 1214 3846 secutus

417 3887 576 3962 Christum,
600 3887 752 3950 excusabit
772 3887 846 3951 mibi
867 3889 1088 3969 praetermissa,
1109 3891 1269 3956 micantem

416 3997 525 4060 Postea
545 3998 597 4060 ubi
618 3997 677 4060 boc
697 3997 796 4062 rident
816 3998 946 4062 candore
968 4000 1116 4064 nitescere
1137 4002 1298 4066 Christum.

352 4115 401 4166 lut
416 4107 460 4168 Ex
481 4126 551 4181 uuo,
573 4111 661 4188 atque
682 4124 742 4170 uno
764 4127 859 4170 cornu
880 4102 994 4172 summa
1015 4109 1094 4174 inter
1114 4119 1144 4174 et
1165 4103 1232 4186 ima,

417 4215 526 4279 Nescia
547 4228 636 4292 stare,
658 4218 740 4280 ibant
760 4219 871 4280 circum
894 4219 1069 4299 ejaculantia
1089 4221 1223 4284 flammas

418 4326 544 4392 Lumina
565 4345 713 4390 concursu
733 4327 855 4408 pariter,
877 4328 1047 4409 pariterque
1068 4347 1202 4394 recursu.

418 4437 485 4498 Nou
506 4455 594 4498 secus
615 4437 665 4499 bic
686 4454 792 4500 cernes
813 4443 905 4511 recle,
927 4438 1059 4519 obliqua,
1081 4440 1182 4515 incita,
1205 4442 1288 4506 tarda
1323 4481 1328 4488 .
