3214 5400
344 487 403 549 154
799 490 979 540 rnncltntrrt
999 490 1024 539 V.

408 708 480 770 Cum
504 707 612 787 quibus
635 707 721 770 existi
744 707 855 786 primas
877 709 908 770 in
930 708 1051 770 luminis
1074 726 1171 775 auras.

407 818 432 880 0
455 819 570 889 anima,
592 817 707 879 incedis
729 817 849 888 vestita,
872 817 981 880 initura
1004 818 1104 880 beatas

407 927 516 997 Sedes,
540 926 705 990 clamabant
726 927 896 999 venientes,
920 928 961 988 ito
983 945 1143 1006 parumper

356 1037 515 1102 sebonius
539 1043 625 1116 atque
648 1036 727 1108 ride,
751 1055 821 1098 num
843 1055 931 1116 quern
953 1035 1006 1096 tibi
1030 1055 1155 1100 noscere
1179 1049 1311 1102 nostrum

405 1148 493 1209 Forte
516 1146 616 1209 datum
639 1146 742 1217 luerit,
766 1145 851 1227 cujus
874 1153 991 1207 narrata
1013 1155 1149 1225 reportes

405 1257 448 1317 Aa
472 1264 597 1318 vestros.
640 1257 678 1316 st
701 1272 754 1315 cur
775 1252 946 1333 properas?
969 1271 1022 1317 cur
1044 1263 1122 1317 stare
1144 1256 1292 1320 recusas?

405 1365 466 1426 Nos
488 1365 532 1426 ris
554 1363 672 1426 hostilis
691 1363 754 1444 jam
777 1371 900 1425 cunctos
922 1365 1026 1427 sunere
1047 1366 1162 1430 mersit.

405 1475 522 1536 Assueti
546 1472 652 1536 sceleri
675 1481 836 1534 extremum
860 1473 1030 1536 duravimus
1053 1493 1148 1554 usque

355 1592 387 1645 55
405 1585 448 1646 Ad
471 1592 603 1662 tempus,
627 1583 724 1644 donec
745 1581 844 1644 lumen
868 1583 1000 1645 coeleste
1022 1584 1140 1646 refulsit

406 1694 571 1765 Mentibus,
595 1709 629 1754 ac
651 1693 754 1754 docuit
776 1691 835 1765 sic,
859 1700 891 1754 ut
911 1691 1066 1754 malefacta
1088 1713 1215 1772 perosus

406 1806 478 1868 Cum
501 1803 572 1865 lietu
593 1821 628 1864 ac
651 1810 749 1864 certus
771 1801 885 1864 veniam
908 1801 1061 1881 indulgere
1085 1805 1212 1877 nocenti,

406 1914 540 1993 Quisque
562 1931 616 1973 sua
638 1911 741 1984 exirit,
763 1910 878 1991 placato
901 1911 1037 1984 numine,
1061 1913 1127 1986 vita,

405 2022 525 2084 visendi
548 2015 628 2102 quod
651 2039 751 2084 amore
774 2021 818 2082 sui
842 2021 1019 2101 praecordia
1040 2021 1147 2084 adurit.

354 2145 388 2196 tc
446 2133 499 2195 flis
522 2148 593 2208 ego:
615 2131 705 2192 Utin
726 2141 842 2192 rastros
865 2146 920 2208 ego
944 2133 1031 2209 figam
1052 2131 1164 2196 lumina
1186 2133 1293 2207 rullus,

403 2242 488 2304 Haud
509 2240 602 2304 ullum
625 2238 788 2320 inspiciens
809 2257 912 2304 nosco.
957 2243 994 2302 At
1014 2260 1067 2303 ros
1090 2243 1116 2304 si
1139 2262 1197 2322 qua
1214 2243 1329 2323 juvabit

404 2351 463 2414 lles
484 2369 578 2430 penes
601 2349 754 2412 arbitrium
776 2360 927 2423 nostrum,
950 2370 969 2412 o
990 2351 1068 2413 bene
1091 2362 1157 2414 nata
1179 2354 1343 2416 animarum

404 2460 519 2533 Turba,
542 2459 624 2539 loqui
646 2459 725 2521 haud
747 2459 866 2538 pudeat.
909 2460 984 2522 Nam
1006 2479 1111 2540 pacem
1130 2463 1200 2543 juro
1223 2481 1278 2543 per
1299 2463 1388 2536 illam,

405 2571 501 2644 Quam
519 2569 630 2651 jubeor
650 2575 763 2631 tantum
786 2569 939 2630 ductorem
961 2588 1041 2650 pone
1064 2578 1192 2644 seculus,
1484 2553 1487 2562 ’

353 2700 385 2752 65
403 2681 488 2743 Nunc
509 2680 581 2752 hoe,
606 2695 684 2741 nunc
705 2678 757 2744 illo
779 2697 959 2758 properans,
982 2681 1054 2742 mihi
1077 2699 1220 2760 quaerere
1242 2682 1274 2744 in
1296 2683 1377 2758 orbe,

402 2789 436 2852 ld
459 2808 506 2850 me
528 2789 684 2850 iacturum.
708 2821 748 2832 -
771 2787 847 2849 Tum
870 2797 973 2852 contra
995 2790 1103 2852 talibus
1124 2809 1202 2858 unus

402 2901 485 2964 Infit:
511 2898 644 2978 Quisque
667 2905 716 2958 tuo
739 2897 895 2960 benefacto
918 2899 1037 2972 fideret,
1059 2900 1120 2962 ullo

405 3009 589 3088 Quamquam
609 3007 688 3068 haud
708 3007 842 3088 jurasses
864 3007 970 3082 verbo,
992 3009 1139 3089 prodesse
1163 3011 1301 3086 studenti,

401 3118 439 3179 Ni
463 3117 514 3179 tibi
536 3116 726 3198 propositum
744 3117 839 3178 virtus
860 3118 936 3179 male
957 3119 1017 3181 lida
1037 3119 1160 3182 recidat.

352 3239 387 3291 'lc
404 3228 502 3301 Quare
524 3244 597 3305 ego,
618 3245 690 3306 prae
712 3226 837 3306 reliquis
858 3244 936 3288 unus
959 3229 1010 3308 qui
1033 3237 1062 3290 te
1084 3229 1233 3309 alloquor,
1257 3251 1320 3305 oro,

403 3338 454 3410 Ut,
478 3337 504 3398 si
525 3336 601 3397 forte
622 3354 752 3415 unquam
774 3345 883 3398 terram
905 3339 1098 3418 conspexeris
1120 3339 1211 3415 illam,

404 3445 544 3508 Aemiliae
565 3446 641 3506 lines
663 3445 754 3519 inter,
778 3463 913 3524 quaeque
934 3447 1068 3527 Appulus
1090 3467 1158 3510 arra

402 3556 541 3629 Exercet,
564 3555 707 3633 positam,
729 3555 801 3616 Fani
824 3562 856 3617 tu
877 3556 977 3634 largus
1000 3558 1134 3622 abundos

402 3663 594 3744 Supplicibus
616 3663 729 3735 verbis,
753 3665 880 3743 quisque
903 3673 935 3726 ul
955 3665 1032 3728 bene
1055 3687 1165 3730 numen
1187 3670 1291 3732 adoret

352 3781 385 3833 75
402 3774 460 3835 Pro
482 3792 544 3845 me,
567 3783 599 3834 ul
620 3775 775 3854 purgando
798 3775 928 3852 gravium
950 3776 1051 3838 delere
1072 3779 1217 3846 malorum

402 3883 447 3945 Sit
467 3883 539 3943 mihi
561 3883 607 3944 las
627 3882 735 3946 labem.
779 3885 911 3964 Namque
933 3891 979 3948 est
1000 3886 1073 3948 milri
1094 3888 1189 3966 patria
1210 3889 1334 3960 Fanum.

402 3995 509 4056 Verum
530 3993 717 4056 Antenoreos
740 3995 818 4056 inter
838 3994 911 4056 mihi
932 3995 1018 4075 plura
1039 3998 1196 4076 protunda,

403 4101 485 4162 Unde
507 4119 597 4165 cruor
617 4103 715 4174 fluxit,
738 4111 841 4167 nostra
862 4103 892 4164 in
916 4123 974 4183 quo
997 4106 1055 4168 vita
1077 4106 1209 4180 sedebat,

402 4209 529 4272 Vulnera
550 4221 708 4284 venerunt,
730 4212 781 4274 ubi
803 4215 895 4276 tutius
917 4215 982 4295 ipse
1003 4214 1094 4278 latere

352 4330 385 4382 8⁰
402 4319 508 4382 Rebar.
552 4322 716 4393 Aruernus
738 4323 905 4386 vehementi
926 4325 1056 4404 percitus
1079 4325 1122 4388 ira

402 4431 436 4491 ln
458 4448 505 4490 me
526 4430 594 4508 plus
616 4451 711 4511 aequo
733 4433 841 4512 patrati
864 4441 910 4494 est
931 4435 1064 4506 criminis
1086 4444 1199 4500 auctor.
