3236 5394
344 555 401 618 12⁰
758 555 951 606 turrnuoauu
968 555 1046 605 xxxi.

711 651 758 658 αι...-

356 785 389 838 bu
405 778 501 853 nequo
523 775 618 854 ampla
640 774 710 836 huic
731 775 841 846 iacies,
864 774 952 836 veluti
974 775 1063 853 pinna
1086 772 1177 834 ardua
1197 774 1286 836 molis

405 885 530 956 Romae,
554 884 657 957 Petra,
681 883 733 944 tibi
757 901 875 957 sacrner
897 884 1004 946 modus
1026 882 1145 944 ossibus
1168 884 1261 946 idem:

406 994 444 1057 Ut
463 1013 533 1073 pars
555 994 694 1068 interior,
718 993 765 1055 cui
787 995 864 1056 lacta
887 1001 932 1057 est
954 992 1084 1071 subligar
1106 1012 1166 1064 ora,

407 1105 459 1166 Sat
479 1104 555 1166 bene
578 1105 762 1166 demonstret
785 1111 895 1165 tantum
917 1121 1075 1182 superesse
1099 1110 1236 1176 staturae,

405 1214 444 1275 Ut
464 1212 539 1276 male
561 1221 751 1292 praesumant
773 1231 805 1272 se
827 1213 874 1274 bis
896 1221 1016 1289 tangere
1039 1231 1128 1292 posse
1152 1213 1275 1292 capillos

357 1331 389 1384 55
407 1324 481 1384 Tres
503 1323 635 1403 Phryges
656 1322 799 1402 impositi.
841 1323 907 1384 Non
929 1341 1041 1402 paucos
1062 1341 1190 1402 namque
1212 1322 1349 1386 videbam

407 1433 538 1510 Triginta
560 1449 683 1510 magnos
705 1433 735 1495 iu
757 1433 878 1509 longum
901 1431 1021 1494 tondere
1043 1433 1157 1511 palmos

405 1543 493 1616 Inde,
514 1542 566 1604 ubi
588 1544 747 1621 demissam
769 1541 915 1604 subnectit
935 1541 1024 1604 fibula
1047 1549 1166 1608 vestem.

405 1651 504 1725 Ralel,
527 1653 602 1724 mai,
626 1649 745 1712 amech!
770 1653 867 1731 coepit
889 1652 1015 1714 clamare
1038 1651 1163 1714 lerinum

409 1761 467 1835 Os,
491 1760 570 1840 quod
593 1779 653 1821 non
674 1760 775 1841 hymni
798 1779 916 1824 carmen
938 1780 1022 1840 mage
1045 1761 1130 1823 dulce
1153 1762 1302 1842 decebat.⁸

356 1876 389 1929 tto
449 1872 511 1932 [lux
534 1888 617 1932 meus
640 1872 720 1932 bunc
742 1878 860 1933 contra:
884 1870 1082 1934 stolidissima
1104 1871 1216 1944 bellua,
1240 1871 1320 1948 dixit,

405 1980 481 2042 Aere
503 1987 572 2042 tona
594 1999 746 2059 cornuque
768 1989 836 2042 tuos
859 1981 977 2043 elluude
1000 1980 1128 2053 dolores,

408 2092 454 2152 lra
477 2091 593 2152 lurorve
616 2089 691 2152 alius
714 2091 837 2152 simulac
859 2091 1032 2170 praecordia
1054 2091 1155 2168 tangit.

406 2200 520 2262 Collum
541 2207 691 2279 pertentor
713 2201 860 2273 invenies,
884 2201 1023 2274 confuse,
1044 2200 1171 2276 ligamen

405 2311 511 2382 Frenis,
535 2311 584 2389 qui
606 2311 736 2372 vinctum
757 2319 854 2385 tenet3
878 2318 965 2390 atque
987 2311 1066 2371 bunc
1087 2311 1206 2389 adspice
1228 2329 1375 2390 maguum,

356 2426 388 2479 65
407 2419 465 2493 Qui
488 2418 540 2480 tibi
563 2420 728 2499 praecingit
748 2428 862 2500 pectus.
886 2453 926 2462 -
948 2420 1021 2484 lleiu
1045 2419 1152 2482 talibus
1174 2421 1239 2482 infit

405 2530 534 2590 Mecum:
558 2530 641 2590 ldem
663 2531 761 2592 scelus
783 2531 847 2608 ipse
870 2529 955 2591 surim
978 2548 1057 2591 nunc
1079 2531 1191 2608 arguit3
1213 2531 1269 2592 iste
1293 2539 1337 2592 est

406 2639 620 2710 Numeremus,
645 2640 729 2719 cujus
751 2641 828 2702 mala
848 2658 933 2701 mens
956 2640 1070 2712 effecit,
1092 2648 1125 2701 ut
1146 2659 1204 2702 uua

407 2748 532 2810 Tantum
553 2748 630 2810 haud
654 2756 772 2810 utantur
792 2751 927 2812 mortalia
949 2749 1047 2811 saecla
1068 2749 1195 2829 loquela.

406 2859 500 2923 letum
521 2858 684 2931 mittamus,
708 2877 765 2920 uec
787 2860 881 2921 ventis
903 2859 985 2922 irrita
1005 2860 1095 2921 verba

357 2980 390 3031 70
408 2969 586 3046 spargamus
608 2969 709 3042 vanis3
732 2987 799 3031 nam
821 2988 920 3030 sermo
943 2977 989 3030 est
1011 2968 1135 3049 quilibet
1154 2971 1212 3050 ipsi

378 3132 382 3141 .
408 3077 503 3150 Talis,
526 3086 558 3138 ut
580 3086 609 3140 et
630 3078 717 3140 uobis
739 3079 819 3142 idem
840 3079 904 3153 hio,
928 3097 989 3141 non
1011 3079 1146 3156 cognitus
1169 3079 1231 3141 ulli.

448 3189 580 3264 Longius
602 3189 644 3249 ire
667 3189 756 3266 igitur
774 3190 862 3269 juvit,
886 3189 997 3252 laevam
1018 3208 1113 3268 usque
1135 3197 1280 3262 tenentes,

406 3305 500 3376 Atque
522 3298 597 3360 iutra
616 3299 726 3378 jactum
748 3298 799 3360 teli
822 3291 901 3364 stetit
923 3299 1026 3362 obvius
1048 3299 1122 3361 alter

407 3409 542 3482 Saevior,
565 3425 599 3469 ac
620 3409 725 3490 major.
770 3409 827 3482 Qui
849 3410 928 3471 buuc
950 3409 1073 3470 cinxerit
1094 3416 1172 3482 arte,
1195 3408 1367 3486 magistrum

339 3521 388 3604 '75
406 3517 511 3579 Dicere
533 3517 694 3592 nescirem,
718 3525 746 3581 at
767 3537 837 3598 prae
860 3539 892 3580 se
914 3520 1031 3598 laevum,
1050 3518 1115 3598 ipsc
1137 3517 1263 3590 tenebat,

407 3626 443 3687 Et
463 3635 533 3706 post
553 3645 585 3688 se
609 3629 740 3689 dextrum
763 3629 917 3706 religatum
938 3629 1008 3690 lune
1030 3629 1181 3701 lacertum,

408 3735 466 3807 Qui
487 3737 531 3797 sic
553 3737 632 3799 hunc
653 3738 730 3800 inlra
751 3739 860 3799 collum
881 3739 1011 3818 undiquc
1033 3737 1250 3818 praepediebat,

406 3845 444 3906 llt
464 3853 575 3924 partem
597 3855 759 3909 exstantem
780 3848 826 3909 rel
849 3849 939 3927 quino
961 3849 1122 3910 involveret
1142 3848 1224 3908 orbe.

448 3955 507 4016 lste
529 3965 645 4018 tumens
668 3958 744 4019 fastu
766 3957 858 4020 voluit
878 3965 991 4020 tentare
1014 3959 1084 4037 quid
1106 3959 1171 4038 ipse

356 4069 390 4123 80
407 4065 514 4126 Contra
536 4083 707 4144 supremum
728 4074 824 4130 torrae
846 4066 981 4146 coelique
1003 4075 1154 4146 potentem

405 4173 567 4251 Pugnando
588 4185 705 4253 posset,
729 4178 834 4238 ductor
856 4177 927 4238 mibi
950 4177 1036 4248 dixit,
1060 4183 1089 4238 et
1104 4178 1179 4256 ¹inde

406 4284 486 4344 llaec
509 4284 566 4363 ipsi
588 4303 712 4347 merces.
755 4287 924 4369 Eguitures
947 4306 1055 4349 nomen
1077 4286 1212 4359 babebat,

376 4387 380 4404 '
406 4391 633 4473 Extremumque
655 4395 736 4458 dedit
758 4396 910 4475 specimen
931 4397 1046 4460 virtutis
1069 4397 1099 4458 in
1121 4397 1171 4458 illa

406 4502 520 4579 Pugna,
546 4521 602 4581 qua
625 4504 747 4582 Superis
769 4513 882 4568 tautum
904 4505 1033 4586 iniecere
1055 4507 1187 4586 gigantes
