3282 5404
366 511 427 574 3⁴⁰
813 511 947 561 rttttutst
966 511 1044 561 xtttt.
1535 461 1539 691 Ι

1480 691 1482 694 ’
1535 694 1537 722 t

381 743 416 796 tte
432 730 554 810 Diligite
576 737 622 792 est
643 730 772 810 primurn
794 730 890 792 visum
911 747 1040 809 signare,
1059 730 1223 792 seeundum

430 841 586 904 Justitiam
606 839 759 920 seriptum.
804 839 943 902 Numeris
967 839 1023 902 tria
1045 840 1183 902 claudere
1206 847 1336 902 nonest

430 950 537 1012 Ultima
560 949 709 1028 legitimis,
732 953 785 1031 put
798 949 945 1026 judicatis
968 963 1092 1012 terram.

431 1060 459 1122 tt
481 1060 551 1122 dein
575 1059 605 1120 in
628 1061 730 1139 quinta
753 1059 919 1139 scripturae
940 1075 1014 1122 tuce
1035 1059 1164 1120 locatam

433 1169 614 1230 Circumiere
638 1168 681 1230 itti
704 1169 882 1249 splendores
905 1168 1010 1230 ordine
1033 1176 1146 1230 stantes

382 1297 415 1351 35
432 1279 493 1352 Sic,
516 1288 549 1340 ut
570 1278 612 1339 ibi
636 1285 788 1357 argentum
812 1277 986 1340 distinctum
1005 1278 1144 1358 Juppiter
1165 1297 1237 1341 auro

431 1388 507 1450 Esse
529 1387 688 1450 rideretur.
732 1387 875 1468 ltetiquos
897 1387 1081 1450 descendere
1103 1387 1172 1460 ridi,

433 1498 563 1560 Litterae
586 1497 635 1559 ubi
657 1505 756 1560 vertex
778 1497 922 1570 exstabat,
945 1497 1047 1577 ibique
1068 1515 1189 1559 manere

433 1609 602 1682 Cantantes,
625 1608 725 1680 eredo,
749 1608 800 1688 qui
822 1626 855 1668 se
877 1607 913 1668 ad
936 1625 969 1670 se
990 1615 1098 1681 versat,
1121 1625 1262 1672 amorem.

401 1775 404 1786 ,
431 1717 516 1790 Dein,
539 1724 571 1778 ut
592 1717 745 1797 percussis
766 1735 843 1796 quos
863 1716 941 1795 ignis
963 1717 1095 1780 torribus
1118 1717 1195 1780 ussit
1235 1761 1240 1770 ·
1294 1767 1299 1778 .

382 1847 416 1900 pp
434 1829 607 1890 Innumerae
629 1835 763 1906 surgent,
786 1826 874 1888 neuin
896 1825 1031 1901 mirante,
1056 1827 1181 1900 sevitiae,

310 1940 313 1978 ¹
435 1938 516 2010 Quas
538 1947 662 2017 propter
684 1937 791 2000 stultae
814 1935 872 1998 sibi
895 1945 1017 2016 captant
1038 1937 1137 2000 omnia
1160 1944 1272 2015 gentes,

432 2045 523 2108 Mittin
546 2045 739 2126 splendorum
761 2055 831 2108 sunt
852 2046 915 2108 risa
937 2045 1007 2108 hine
1030 2065 1161 2126 surgere,
1184 2055 1214 2109 et
1235 2047 1286 2109 itta

433 2155 528 2217 Attius
550 2155 654 2230 attolli,
678 2155 727 2218 itta
749 2156 857 2229 minus,
881 2164 971 2235 prout
992 2165 1073 2219 sorte
1095 2157 1220 2237 parabat

434 2265 486 2328 Sol
507 2266 556 2328 itta
578 2264 755 2328 accendens.
799 2266 961 2345 Postquam
983 2266 1037 2328 sed
1059 2266 1175 2346 singula
1197 2266 1270 2329 sede

383 2395 416 2448 05
433 2376 496 2437 Lux
518 2375 600 2438 stetit
621 2376 651 2436 in
673 2375 805 2455 propria,
829 2384 899 2436 tune
920 2375 1008 2438 istam
1030 2377 1172 2454 effingere
1193 2377 1253 2438 ridi

432 2485 578 2546 Eximiam
600 2486 750 2546 flammam
772 2493 911 2565 caputet
933 2484 1042 2547 collum
1064 2484 1144 2548 alitis
1165 2487 1246 2548 stmi.

436 2595 493 2668 Qui
516 2594 649 2674 depingit
670 2595 722 2669 ibi,
745 2595 901 2658 dueentem
924 2595 1003 2659 haud
1025 2596 1156 2658 consulit
1176 2596 1278 2670 uttam,

435 2705 494 2766 Sed
518 2714 622 2766 cuneta
644 2705 670 2764 is
693 2705 783 2778 ducit,
806 2704 894 2766 simut
917 2704 960 2770 illi
983 2713 1106 2785 accepta
1127 2706 1256 2768 retertur

435 2816 542 2886 Virtus,
566 2832 642 2893 quae
666 2815 759 2875 iortna
782 2823 829 2875 est
850 2814 938 2876 nidis.
983 2814 1082 2876 Turba
1103 2815 1195 2878 altera
1218 2824 1329 2889 saneta,

370 2949 419 3000 ιω
435 2925 517 2997 Quae
540 2929 678 2986 contenta
699 2923 784 3002 prius
806 2943 858 2985 sua
880 2925 942 2986 litia
962 2925 1154 2986 eireumterre

434 3036 462 3096 tt
484 3043 531 3096 est
551 3034 613 3096 visa
635 3031 727 3106 mihi,
740 3034 860 3096 medies
882 3035 1052 3096 venerabile
1076 3035 1193 3112 siguum

433 3144 538 3222 Exegit
559 3154 650 3205 motu.
673 3175 712 3188 -·
736 3143 760 3205 0
784 3144 887 3206 stettae
909 3144 1079 3206 dulcissima
1101 3146 1228 3220 tlamma,

435 3255 459 3315 0
483 3273 558 3332 quae
580 3261 610 3316 et
631 3262 739 3332 quanta
762 3254 857 3316 oeulis
879 3271 1061 3333 gemmarum
1083 3256 1169 3334 eopia
1192 3255 1303 3330 uestris

435 3363 580 3435 Ostendit,
604 3363 747 3443 quidquid
766 3364 842 3444 justi
862 3372 999 3426 versetur
1019 3363 1049 3425 in
1073 3364 1146 3427 orbe

369 3483 416 3536 105
435 3473 593 3535 Terrarum
615 3483 729 3538 nostro.
753 3473 783 3534 id
805 3481 901 3538 totum
923 3474 1107 3536 deseeudere
1129 3475 1166 3535 ab
1189 3476 1257 3548 isto,

436 3583 522 3656 Quod
545 3583 678 3654 decoras,
702 3582 803 3645 eaelo!
827 3585 927 3656 Quare
949 3582 992 3644 illi
1014 3583 1153 3664 supplice
1174 3585 1278 3654 utenti,

433 3693 517 3754 Unde
540 3693 635 3753 oritur
656 3701 753 3754 motus
774 3695 960 3755 tlammamm
982 3665 1085 3773 ristfue
1107 3701 1235 3768 tuarum,

433 3803 556 3882 Spectet
577 3821 623 3874 eo,
646 3803 724 3865 unde
747 3803 812 3864 ttuit
833 3803 941 3864 vitians
963 3811 1013 3864 tua
1035 3803 1146 3868 lumina
1169 3805 1283 3880 tumus3

432 3912 470 3973 Ut
492 3913 578 3992 plena
601 3912 662 3974 irae
684 3912 791 3974 iterum
809 3912 931 3993 iamiam
953 3912 1029 3974 male
1051 3914 1160 3976 mutuat
1181 3927 1323 3987 ementes,

368 4033 417 4084 110
433 4021 765 4102 Vendentesque‘intus
788 4022 866 4082 saeri
888 4022 1052 4100 penetralis
1074 4022 1186 4102 templi,

435 4133 591 4205 Quondam
614 4151 649 4192 ex
670 4131 817 4209 martyriis
840 4139 870 4192 et
889 4132 992 4193 multis
1015 4133 1134 4196 condita
1156 4133 1262 4210 signis.

477 4243 501 4302 0
524 4261 578 4318 vos
600 4241 722 4302 miiitiae
744 4241 831 4314 coeli,
855 4259 978 4320 quarum
1001 4244 1117 4320 agmina
1139 4261 1240 4316 cerno,

434 4351 494 4412 Vos
516 4351 656 4430 precibus
676 4350 791 4430 placate
813 4352 906 4412 Deum
928 4371 983 4432 pro
1005 4362 1093 4432 gente
1115 4355 1250 4432 profana,

436 4461 531 4534 Quam
552 4479 682 4538 pravum·
696 4461 863 4540 exemptum
885 4462 1007 4524 deduxit
1027 4463 1145 4525 tramite
1166 4471 1259 4525 reeto.
1330 4440 1333 4448 ¹
