3282 5404
356 525 417 587 348
818 529 953 578 Ptututst
970 529 1018 578 11.

308 617 634 632 .ο-.---ι-ι---ηιιι-ιι-ιῌιιιωΙ

422 746 552 826 Cogitur,
574 756 604 810 at
625 748 693 828 quia
716 746 778 808 vuit
798 747 886 820 vinci,
909 756 939 809 et
960 747 1005 810 sic
1026 749 1104 810 victa
1125 748 1256 827 benigno

421 858 490 938 Ipsa
512 857 610 919 auimo
632 856 735 918 vincit
780 857 864 930 Quae
885 857 991 936 prima,
1014 865 1045 920 et
1066 857 1169 938 quinta
1190 860 1298 938 figurat

370 977 405 1030 11
421 967 485 1029 Vita
508 965 710 1046 supercilium,
732 966 796 1044 figit
817 965 871 1028 tibi
894 967 986 1029 eorda
1007 975 1140 1047 stupore,

422 1076 508 1150 Quod
531 1093 672 1157 superum
693 1074 822 1138 Alituum
845 1075 999 1154 regionem
1021 1075 1121 1138 cernis
1143 1077 1179 1139 ab
1201 1078 1277 1157 ipsis

422 1186 574 1248 Ornatam.
617 1185 703 1247 Haud
724 1185 785 1259 isti,
807 1191 841 1247 ut
861 1185 947 1259 reris,
971 1205 1025 1248 sua
1047 1201 1173 1266 corpora
1195 1194 1291 1249 morte

420 1296 585 1358 Deseruere
607 1293 687 1356 obita
710 1295 841 1356 uenerati
864 1295 939 1357 tatea
960 1296 1089 1358 Deorum

420 1405 557 1479 Numina,
580 1405 633 1466 sed
656 1403 805 1466 Christum
828 1423 942 1467 summa
963 1404 1074 1486 pietate
1097 1405 1238 1480 colentes,

370 1522 404 1576 95
421 1516 502 1577 Unus
525 1531 692 1595 passurum,
715 1532 836 1595 passum
858 1515 942 1578 aiter.
985 1515 1059 1576 Num
1082 1535 1159 1577 uuus
1180 1516 1217 1577 ab
1241 1515 1329 1590 Orco,
1447 1539 1449 1548 ’

421 1625 504 1688 Unde
526 1624 604 1686 redit
625 1641 713 1686 nemo
735 1624 772 1686 ad
794 1625 918 1703 frugem,
940 1623 1082 1687 remeavit
1102 1625 1142 1686 ad
1163 1643 1242 1700 ossa,

420 1735 513 1814 quue
536 1733 593 1795 tuit
613 1753 729 1796 merces
750 1751 836 1814 spem
858 1733 952 1796 vivam
976 1734 1077 1796 cordis
1097 1734 1244 1808 habentis,

421 1843 587 1924 sperantia,
610 1863 642 1906 se
664 1861 756 1924 posse
776 1844 869 1905 Deum
892 1861 982 1924 prece
1004 1845 1125 1906 denter-e
1147 1844 1263 1918 blenda,

419 1954 506 2015 Illum
527 1961 623 2015 morte
645 1951 726 2014 obita
746 1959 779 2014 ut
800 1969 926 2033 superas
946 1962 1099 2016 revocaret
1121 1954 1157 2014 ad
1180 1973 1280 2020 auras.

355 2064 548 2144 molstoque,
572 2080 659 2142 mam
681 2061 782 2124 verbis
803 2063 959 2142 compello,
981 2063 1041 2126 vita
1062 2064 1148 2126 beata

421 2173 566 2252 Regressa
589 2173 625 2234 ad
648 2189 777 2244 carnem,
799 2189 861 2234 nou
882 2172 1002 2251 longum
1026 2173 1067 2236 ibi
1086 2174 1172 2255 jussa
1193 2175 1311 2249 morari,

420 2282 504 2344 iliius
527 2289 573 2343 est
592 2283 728 2372 amplexa
749 2283 848 2354 fldem,
872 2299 942 2362 spes
963 2299 1022 2344 una
1044 2283 1150 2346 salutis

422 2393 481 2467 Qui
503 2393 612 2466 fertum
635 2393 761 2470 eredens
783 2391 845 2454 veri
868 2392 1006 2472 concepit
1027 2393 1138 2455 amoris

420 2504 532 2581 ignem,
554 2510 587 2564 ut
609 2510 824 2581 postmortem
846 2501 937 2564 tuerit
957 2503 1076 2580 dignata
1099 2504 1260 2566 secundem

355 2619 404 2672 105
420 2614 481 2675 Ista
502 2595 623 2675 laetitia.
667 2609 814 2674 Goeiestis
834 2629 950 2674 summa
972 2613 1109 2675 Parentis

421 2720 530 2786 Gratia.
552 2721 597 2782 sic
619 2721 678 2783 aito
701 2721 856 2784 dimanans
877 2721 1009 2796 flumine,
1031 2731 1064 2786 ut
1085 2741 1215 2803 uuquam

420 2831 506 2894 Nulla
528 2829 609 2894 acies
630 2830 710 2892 oculi
732 2831 763 2891 in
784 2831 911 2910 primam
933 2851 966 2894 se
988 2832 1146 2894 immiserit
1165 2833 1285 2907 nudam,

420 2941 550 3004 Alterius
571 2941 664 3002 menti
685 2940 790 3014 illuxit,
814 2959 902 3020 quam
923 2950 1048 3022 propter
1068 2943 1177 3004 amarit

420 3053 450 3114 ls
472 3061 594 3125 rectum,
619 3069 654 3112 ae
675 3051 731 3112 tuit
752 3049 783 3112 in
805 3051 930 3114 Teucris
948 3052 1133 3132 justissimus
1153 3073 1242 3116 nuru.

354 3172 404 3225 11⁰
420 3162 547 3235 idcirco,
570 3161 743 3241 adspirante
764 3162 836 3234 Bao,
858 3161 951 3223 multo
975 3170 1043 3224 aute
1065 3163 1194 3224 iutuuun

419 3275 449 3335 ls
471 3271 554 3334 novit
575 3271 724 3333 Christum
745 3271 940 3334 redimentem
963 3273 1108 3350 sanguine
1128 3273 1280 3334 mondum.

421 3383 549 3445 Credere
571 3381 603 3442 in
623 3381 704 3442 hunc
725 3380 815 3458 igitur
835 3380 946 3455 statuit,
970 3381 1019 3442 eui
1041 3382 1150 3444 deiude
1170 3383 1296 3463 mephiti

419 3493 501 3554 Vana
521 3491 695 3571 superstitio
718 3490 796 3551 haurd
817 3489 916 3570 potuit
936 3491 1107 3553 suffundere
1129 3501 1266 3564 mentem,

419 3603 483 3664 lmo
506 3601 532 3662 is
553 3617 712 3682 perversae
734 3600 884 3664 damnauit
904 3601 1027 3662 crimim
1048 3602 1159 3680 gentis.

354 3721 403 3774 115
420 3711 497 3774 Huic
518 3721 579 3773 tres
602 3731 656 3791 pro
680 3729 765 3772 sacro
788 3713 936 3772 aduerunt
956 3711 1135 3790 baptismate
1157 3712 1255 3784 Divae,

421 3822 502 3895 Quas
524 3823 597 3884 orbe
618 3839 654 3882 ex
676 3820 779 3882 dextro
801 3819 887 3881 licuit
906 3821 963 3882 tini
985 3839 1116 3894 cernere,
1139 3821 1222 3884 mille

419 3932 583 4010 Pluresque
606 3941 674 3992 ento
696 3947 790 3992 annos
811 3947 900 4010 φιιιιι
922 3939 1005 3992 esset
1024 3931 1204 4012 baptismate
1225 3930 1318 3993 nasci.
1400 3953 1404 3960 ⁴

463 4042 488 4103 0
509 4041 603 4103 uirtus
624 4040 743 4114 mentis,
766 4059 842 4120 quae
863 4037 1001 4103 homines
1021 4041 1225 4121 praedestinat
1246 4049 1314 4102 ente
1348 4107 1359 4136 ,

421 4151 525 4213 Ortum
545 4150 736 4231 principium,
758 4169 850 4230 quem
870 4157 898 4211 te
921 4169 937 4212 a
959 4151 1061 4212 radice
1081 4159 1226 4214 minutam

355 4269 403 4322 12⁰
419 4260 596 4340 Adspiciunt
617 4260 669 4333 iili,
693 4260 778 4340 queis
800 4261 926 4340 primam
949 4279 1113 4340 agrroaccre
1134 4264 1273 4327 caussam

418 4371 485 4433 Non
507 4378 554 4431 est
574 4371 619 4432 ias
641 4369 750 4432 totam!
773 4372 842 4444 Vos,
865 4388 883 4431 o
904 4371 1040 4432 mortalia
1062 4372 1162 4445 corda,

419 4480 531 4543 Discite
549 4479 696 4560 judicium
717 4488 847 4543 vestrum
870 4497 1062 4563 compescere
1083 4482 1226 4557 habeniss
