3234 5396
334 455 397 524 224
756 458 938 512 runcnrcnu
955 457 1036 510 nnn

399 678 443 742 Ne
465 678 532 759 quis
555 677 744 751 conscendat,
768 676 868 740 credo.
913 677 978 752 Qua
999 678 1031 740 in
1052 685 1135 757 parte
1158 675 1288 755 negabat

399 789 485 850 blons
507 787 573 862 iter,
597 807 632 849 ex
653 786 712 850 alto
733 787 778 850 vis
800 788 892 850 multa
914 787 1038 849 cadebat
1059 806 1203 867 aquarum

335 908 383 962 13⁰
398 899 564 961 Lucentum
586 897 720 976 scopulo,
744 915 875 958 summas
897 896 1057 976 aspergine
1079 897 1202 962 frondes

399 1005 589 1070 rldlanrbens.
631 1005 753 1070 Plantae
773 1015 857 1070 vates
878 1007 1005 1070 accessit
1027 1014 1161 1087 uterque,

399 1115 437 1178 Et
458 1116 556 1178 subito
579 1115 701 1178 lrondes
723 1117 802 1180 inter
822 1116 867 1178 sic
888 1115 1023 1178 insonuit
1042 1134 1100 1178 vox

399 1226 551 1288 Clemens:
574 1225 655 1288 Haeo
675 1225 760 1288 vobis
781 1225 894 1288 venibit
916 1225 1014 1289 carius
1037 1224 1121 1288 esoal

398 1335 512 1398 Deinde
534 1335 646 1416 inquit:
668 1334 762 1416 Major
783 1335 943 1398 stimulavit
964 1354 1035 1398 eura
1055 1335 1185 1408 nariam,

333 1459 381 1513 lto
397 1446 435 1508 Ut
455 1445 549 1524 magis
570 1453 657 1524 atque
678 1444 771 1524 magis
794 1445 967 1524 splenderet
987 1464 1081 1508 coena
1102 1444 1209 1508 marita

397 1555 523 1634 lntegra,
546 1572 634 1634 quam
656 1561 689 1616 ut
709 1554 833 1635 proprio
857 1555 982 1618 serviret
1002 1554 1113 1633 largius
1136 1555 1190 1628 ori,

399 1665 465 1738 Quo
485 1664 547 1745 jam
568 1682 624 1744 pro
645 1663 731 1728 vobis
754 1671 828 1728 orat.¹
872 1664 1014 1744 Quasque
1036 1664 1129 1726 edidit
1150 1683 1255 1728 aevum

397 1773 534 1836 Priscum
554 1773 714 1846 Romanae,
737 1773 802 1837 sitis
825 1781 940 1838 aestum
960 1775 1082 1838 flumine
1103 1792 1180 1853 puro

398 1883 560 1946 Contentae
583 1883 748 1963 explebant.
791 1883 905 1946 Dorum.
926 1883 997 1948 dum
1019 1883 1148 1965 despicit
1168 1901 1280 1959 escam,

331 2001 381 2056 llll
397 1992 474 2055 Huic
494 2001 625 2056 mentem
645 1991 738 2071 largis
760 1992 833 2056 ditat
853 1993 1000 2073 sapientia
1021 1993 1120 2056 donis.

396 2103 463 2165 Non
485 2121 572 2165 secus
594 2110 683 2184 atque
705 2121 810 2166 numm
831 2103 929 2182 prima
949 2109 1032 2166 aetas
1054 2103 1179 2183 pulchra
1200 2103 1295 2167 luisse

395 2212 508 2287 Fertur,
533 2230 599 2274 cum
617 2212 721 2294 jejuna
743 2213 838 2276 lomes
859 2232 896 2276 ex
916 2213 1022 2291 glande
1044 2231 1183 2293 saporem

395 2322 529 2386 Ducebat
549 2330 672 2401 gratnm,
696 2330 726 2386 et
747 2322 860 2384 sitienti
883 2322 1011 2402 quilibet
1031 2323 1127 2386 amnis

395 2433 503 2495 Nectar
524 2440 596 2496 erat.
639 2433 788 2496 Dederant
808 2433 975 2496 anrrsrtn
997 2433 1136 2496 alimenta
1159 2432 1293 2498 locustae

331 2553 379 2607 llo
396 2543 552 2624 llellaque.
594 2543 758 2624 Propterea
778 2542 859 2606 hunc
880 2542 997 2606 ornavit
1017 2542 1111 2622 gloria
1131 2552 1222 2620 tanta,

395 2653 434 2714 llt
454 2671 542 2715 nemo
563 2653 623 2713 hoc
643 2654 739 2734 major
760 2661 863 2715 nostra
885 2652 926 2714 sit
946 2653 1062 2732 origine
1082 2663 1178 2728 natus,

397 2762 485 2835 Quod
505 2770 587 2843 patet
607 2781 643 2826 cx
663 2761 758 2837 libris,
781 2743 833 2844 qui
855 2761 967 2827 Christi
988 2764 1108 2826 oracula
1128 2765 1259 2828 tradunt.

869 3023 987 3106 xxlll.

393 3203 453 3266 Per
473 3201 598 3266 viridem
619 3201 755 3266 frondem
775 3203 848 3266 oum
868 3201 981 3266 lumina
1001 3205 1058 3266 lira
1079 3204 1227 3279 tenebam,

395 3312 500 3387 Qualis
523 3313 574 3392 qui
595 3311 747 3376 volucrem
767 3313 916 3391 vestigans
940 3331 1066 3392 corpore
1088 3332 1209 3394 parvam

393 3422 520 3484 lnsumit
539 3422 637 3496 vitam,
661 3421 712 3502 qui
733 3423 844 3495 aderat,
866 3421 935 3501 plus
958 3443 1047 3503 quam
1068 3431 1161 3503 pater,
1185 3423 1297 3504 inquit:

391 3533 459 3606 Fili,
478 3533 541 3613 jam
562 3531 669 3595 molire
689 3531 775 3605 viam,
797 3550 867 3594 nam
887 3541 1021 3613 tempom
1038 3533 1126 3614 jussa

359 3642 528 3722 adequnm
550 3649 596 3703 est
615 3641 719 3721 partiri
741 3641 858 3704 melius.
899 3643 968 3706 Non
990 3643 1113 3722 segnior
1133 3661 1194 3718 ora,

392 3751 487 3832 Atque
509 3751 619 3831 pedem
639 3752 713 3814 verti
736 3752 886 3830 stringens
907 3762 1066 3834 utrumque
1087 3762 1217 3834 poetam,

392 3862 443 3924 Sic
465 3863 586 3935 lentem,
610 3869 642 3922 nt
662 3881 829 3943 properans
852 3864 1008 3944 dispendia
1028 3864 1111 3926 nulla
1132 3863 1250 3936 laboris

392 3971 551 4034 Sentirem.
594 3970 673 4036 Ecce
694 3979 794 4034 autem
815 3973 996 4052 singultibus
1018 3973 1217 4054 interruptum

393 4082 534 4144 Carmen:
556 4081 657 4144 Lobrc
676 4101 749 4154 meo,
772 4102 789 4146 o
811 4079 957 4146 Domr'nel
979 4091 1066 4164 atque
1088 4084 1148 4146 nico
1168 4103 1242 4147 voce
1263 4101 1407 4164 sonoque,

342 4192 376 4246 1⁰
393 4190 452 4264 Qui
473 4201 588 4270 gratum
610 4191 700 4254 simul
721 4200 750 4254 ot
771 4191 860 4255 simul
882 4193 1043 4255 instillabat
1063 4193 1205 4256 acerbum
1252 4235 1254 4238 -

392 4301 531 4363 Sensum.
564 4302 638 4364 Care
660 4310 753 4382 pater,
776 4302 874 4382 coepi,
896 4303 977 4383 quod
997 4302 1079 4365 venit
1099 4303 1138 4365 ad
1157 4323 1256 4378 aures,

393 4410 542 4484 Quidnam
565 4409 634 4476 est?
654 4412 745 4493 Isque
766 4413 855 4476 mibi:
877 4413 1042 4476 simulacra
1063 4414 1193 4478 errantia
1215 4414 1336 4487 circum,
