3214 5400
591 529 773 618 runcsrcnu
790 563 849 615 su.

216 786 300 860 Quas
322 784 412 847 dixit:
435 783 494 846 Cur
515 783 606 846 ardor
626 781 687 860 agit
706 800 761 844 vos
781 789 924 862 praepete
944 799 1045 860 passu,

109 893 117 918 ’“
215 895 344 959 Umbrae
366 912 434 956 oum
456 893 531 967 sitis,
555 909 629 974 quas
651 891 826 968 dedignatus
848 890 991 971 Olympus

168 1017 201 1070 co
216 1005 296 1068 Urbe
318 1023 372 1066 sua
392 1001 555 1083 prohibet?
578 1001 653 1074 Quis
676 1000 734 1062 dus
756 1000 958 1062 conscendere
980 1001 1077 1064 scalas
1152 1039 1154 1044 ·

216 1115 398 1193 Hucusque
420 1111 451 1174 in
473 1111 590 1173 coelum
612 1108 735 1172 docuit?
757 1110 812 1172 Cui
833 1109 903 1172 talia
925 1110 1044 1173 doctor:

218 1225 252 1286 si
272 1231 313 1296 tu,
338 1241 411 1303 quas
433 1221 510 1298 gerit
531 1220 598 1295 iste,
619 1231 715 1293 notas,
739 1237 873 1298 quasque
896 1220 997 1281 eximit
1018 1220 1081 1283 ales

218 1335 262 1396 lle
284 1331 416 1411 Superis,
441 1338 572 1411 spectes,
593 1331 673 1392 huno
694 1343 849 1392 arcessere
870 1329 986 1392 ridebis

219 1443 321 1521 Regna
341 1448 445 1520 parata
465 1440 565 1502 bonis.
609 1439 669 1504 Sed
683 1457 759 1500 cum
779 1438 858 1500 haud
880 1439 1036 1502 deduxerit
1056 1439 1099 1502 illi

172 1565 203 1616 25
221 1553 317 1614 Omne
338 1551 405 1612 nolo
427 1567 564 1629 pensum,
588 1567 664 1630 quae
686 1555 737 1611 net
757 1558 921 1628 noctesque
942 1549 1076 1629 diesque,

222 1661 308 1736 Quod
331 1659 436 1722 Clotho
459 1659 586 1739 imponit
608 1658 714 1737 cuique
736 1665 767 1720 et
787 1657 947 1737 disponere
969 1667 1060 1733 curat,

220 1771 317 1852 Hujus
338 1769 396 1830 vita
418 1769 542 1842 animae,
563 1767 638 1829 mihi
660 1783 747 1846 quam
769 1767 830 1828 scis
853 1785 921 1830 esse
943 1787 1078 1831 sororem

220 1882 316 1960 Atque
337 1879 400 1953 tibi,
422 1878 521 1940 minus
544 1877 693 1940 adscensu
714 1877 774 1938 huc
795 1877 938 1940 accedere
960 1879 1062 1957 quibat

104 1979 106 1984 ’
221 1991 300 2065 Sola,
321 1990 401 2051 haud
422 1995 490 2068 apta
511 1987 606 2048 oculis
628 1985 800 2048 umbrarum
819 2005 904 2050 more
925 1989 1013 2050 tueri.

173 2110 205 2162 30
221 2101 336 2162 Idcirco
357 2099 474 2176 magnis
496 2098 609 2158 exciturs
631 2097 768 2159 lancibus
791 2097 862 2158 Orci

221 2211 287 2272 Huc
307 2209 384 2282 reni,
404 2208 508 2290 jussus
529 2215 705 2280 monstrare,
729 2207 807 2286 quod
828 2209 895 2287 ipse
915 2215 1036 2287 paratus

221 2320 267 2382 llli
289 2318 471 2390 monstrabo,
493 2325 582 2396 prout
602 2317 654 2378 det
673 2316 776 2378 schola
799 2318 909 2379 ducere
930 2325 1043 2380 nostra.

263 2431 301 2491 st
321 2428 378 2502 dic,
402 2428 429 2489 si
451 2427 540 2500 nosti,
563 2426 702 2506 quianam
722 2427 823 2505 paullo
845 2435 913 2489 ante
934 2436 1064 2490 tremore

222 2539 308 2601 llons
330 2545 378 2600 est
398 2555 563 2598 concussus
584 2543 675 2609 tanto,
698 2545 738 2609 nt,
762 2555 836 2615 quas
858 2537 943 2600 alluit
964 2556 1085 2618 aequor,

175 2657 208 2712 ³5
223 2648 323 2728 Usque
345 2646 382 2709 ad
402 2646 519 2708 radices
540 2645 590 2706 hic
611 2665 684 2709 voce
706 2647 860 2726 immugiet
880 2644 962 2710 una?
1080 2647 1088 2666 '

265 2759 330 2820 linx
351 2756 493 2818 desiderii
513 2755 629 2829 rimam,
653 2755 742 2818 simul
763 2757 821 2818 ista
841 2758 963 2836 rogarit,

223 2867 393 2946 Vestigasse
414 2864 474 2928 mei
496 2865 541 2926 sic
561 2871 608 2926 est
627 2866 701 2927 milri
721 2865 814 2941 risus,
836 2875 868 2928 nt
888 2868 968 2929 unda

224 2977 313 3040 Facta
335 2977 434 3038 minus
456 2975 572 3036 delecta
594 2975 660 3036 sitis
682 2983 820 3039 contenta
840 2984 974 3040 maneret

225 3085 430 3168 Spe'tantum.
475 3085 504 3146 ls
526 3085 640 3163 eoepit:
663 3085 720 3160 Nil,
743 3087 822 3165 quod
844 3105 905 3148 non
926 3083 1058 3166 postulet
1079 3086 1163 3161 crdo,

177 3197 322 3261 cosentit
342 3194 446 3274 religio
469 3195 589 3268 montis,
611 3195 657 3256 rel
679 3213 740 3257 non
762 3197 839 3257 serat
858 3215 941 3258 usus.

227 3308 339 3370 Cuncta
360 3305 410 3366 hic
431 3312 576 3384 perpetuo
598 3305 738 3365 novitatis
759 3305 860 3368 nescia
881 3313 972 3379 motu,

226 3417 333 3479 Libera
355 3415 517 3488 volvuntur,
540 3432 598 3476 nee
619 3413 781 3494 quidquam
801 3415 945 3476 accedere
968 3432 1091 3479 caussae

226 3527 282 3589 llic
305 3525 384 3587 aliud
406 3525 514 3605 possit,
535 3531 653 3604 praeter
675 3543 763 3604 quam
783 3542 908 3603 magnus
931 3525 1074 3605 Olympus

120 3643 121 3648 ’
226 3637 262 3699 ln
284 3655 317 3697 se
339 3655 356 3696 a
380 3653 411 3696 se
432 3635 547 3714 recipit.
593 3634 692 3708 Quare
713 3653 774 3696 non
796 3635 893 3698 imber
914 3655 1055 3716 aquosus,

178 3757 210 3811 td
227 3747 294 3809 Non
316 3744 437 3821 grando,
460 3762 522 3807 non
543 3745 603 3819 nix,
624 3763 685 3806 non
707 3764 768 3819 ros,
790 3763 851 3806 non
874 3763 946 3808 nana
966 3747 1073 3825 pruina

227 3856 300 3918 Plus
322 3855 417 3917 lemur
437 3873 564 3928 sursum,
588 3873 676 3934 quam
697 3873 820 3934 surgere
841 3856 921 3918 scala
942 3857 993 3917 det
1013 3854 1071 3928 illa,

229 3965 359 4046 Triplice
382 3983 457 4046 quae
479 3972 526 4028 est
546 3965 628 4028 finita
649 3966 758 4042 gradu:
781 3981 838 4028 nec
859 3966 959 4028 nulrila
980 3965 1074 4028 densa
1186 3974 1192 3985 '

228 4075 356 4148 Rursus,
378 4091 436 4136 nen
457 4074 564 4153 fulgur,
586 4091 645 4137 nec
664 4076 743 4155 picta
766 4075 919 4138 coloribus
940 4075 1006 4149 Iris,

230 4186 313 4259 Quae
335 4183 422 4246 solita
443 4191 491 4246 est
510 4195 609 4246 restro
631 4186 734 4247 sedem
754 4193 870 4247 mutare
891 4183 947 4247 sub
969 4203 1032 4258 exe,

181 4307 213 4360 5⁰
228 4295 294 4357 Non
317 4295 416 4356 siccus
438 4311 531 4375 vapor
550 4294 686 4369 ulterius,
709 4314 798 4376 quam
819 4297 896 4358 linea
918 4295 1012 4373 surgit

228 4404 271 4466 lle
293 4404 433 4494 gradihus
456 4423 594 4483 suprema
615 4405 719 4481 tribus,
744 4425 820 4487 quos
843 4415 911 4469 ante
932 4405 1084 4486 loquebar,

184 4561 186 4566 -
230 4515 283 4579 Cui
304 4514 420 4576 vicibus
441 4515 570 4594 fungens
589 4515 670 4578 Petri
693 4533 784 4597 super
804 4517 915 4581 insidet
935 4516 1007 4580 ales.
