3214 5400
753 588 945 640 tnrunnonnn
965 589 1059 638 1111111.

410 807 516 870 Omne*
527 827 620 886 genus
641 808 739 869 luctus
763 826 890 886 aequum
913 814 960 868 cst
981 805 1164 870 descendere
1187 806 1223 868 ab
1245 807 1306 868 illo.

358 921 391 975 35
453 917 477 979 0
500 918 572 980 mihi
596 917 665 998 qnid
688 919 814 978 monstri
836 925 882 979 est
904 917 1019 990 visum,
1044 933 1111 978 cum
1133 916 1165 977 in
1186 917 1295 978 vertice
1317 917 1409 978 trinas

407 1028 518 1107 depexi
540 1025 647 1088 iacies!
671 1028 780 1101 Unam,
805 1045 892 1106 quam
914 1027 945 1088 in
968 1027 1065 1088 lronte
1088 1026 1216 1104 gerebat,

409 1137 607 1215 Sanguineam
628 1137 706 1199 vidi:
729 1143 775 1198 ast
796 1135 941 1215 reliquas,
966 1155 1040 1216 quae
1064 1134 1182 1215 duplice
1206 1137 1300 1197 lomna

410 1247 605 1320 constabant,
629 1247 679 1308 isti
701 1245 861 1327 superaddi
883 1245 1039 1308 humerum
1062 1245 1139 1306 inter
1160 1253 1328 1325 utrumque,

410 1356 491 1430 Quae
514 1357 744 1429 concurrebant,
769 1375 827 1436 quo
851 1356 958 1418 cristae
981 1355 1075 1432 surgit
1097 1373 1231 1418 acumen.

358 1473 391 1525 4ο
408 1467 514 1528 llertm
536 1467 688 1528 videbatur
710 1464 869 1545 pallentem
890 1471 994 1526 neutra
1016 1462 1148 1526 colorem

409 1577 489 1638 lnter
510 1583 539 1636 et
561 1575 724 1648 albentem,
748 1575 898 1653 faciesque
921 1574 1040 1636 sinistra
1062 1574 1156 1636 tuenti

409 1685 490 1748 Talis
513 1695 587 1759 erat,
612 1685 731 1764 quales,
755 1703 830 1764 quos
852 1684 965 1762 primos
988 1682 1070 1745 alluit
1091 1684 1179 1745 undis

409 1795 509 1865 Nilus,
533 1813 655 1856 comere
677 1802 749 1856 erat.
794 1793 934 1856 Geminae
957 1792 1012 1854 sub
1036 1791 1167 1871 qualibet
1188 1794 1252 1856 alae

409 1905 547 1983 Magnae,
571 1923 705 1984 quaeque
727 1921 816 1983 pares
837 1903 909 1964 moli
931 1902 1002 1964 tanti
1025 1902 1102 1964 alitis
1124 1905 1241 1965 'essentz

359 2018 392 2072 41
410 2015 468 2076 Per
489 2033 569 2076 mare
592 2013 749 2082 velivolum
771 2032 831 2075 non
853 2013 913 2074 vidi
935 2011 1057 2076 carbasa
1078 2021 1167 2075 tenta.

410 2124 495 2186 Haud
517 2123 634 2203 plumae
656 2124 703 2184 his
725 2123 841 2184 inerant
862 2121 954 2194 ullae,
979 2121 1033 2183 sed
1055 2123 1184 2200 tegmina
1206 2123 1359 2201 quaedam,

412 2234 518 2308 Qualia
539 2232 650 2295 habent
671 2233 827 2306 volucres,
849 2249 959 2294 nomen
982 2251 1057 2311 quae
1080 2252 1096 2294 a
1117 2251 1242 2312 vespere
1265 2232 1393 2308 ducunt,

411 2344 531 2422 Hasque
554 2317 593 2406 ita
616 2342 788 2423 quassabat,
810 2340 917 2420 triplex
938 2349 971 2402 ut
993 2341 1115 2420 spiritus
1138 2342 1208 2403 inde
1302 2379 1306 2387 ·

411 2453 511 2515 Exiret
532 2453 621 2514 venti.
666 2453 760 2532 litque
783 2450 852 2512 bino
876 2450 975 2530 Cocyti
996 2452 1095 2512 omnia
1118 2459 1218 2529 stagna

361 2571 394 2625 50
411 2564 533 2641 Frigore
555 2562 707 2624 durabant.
750 2561 809 2622 Per
830 2579 920 2622 senos
943 2579 994 2622 ora
1015 2560 1130 2639 rigabat

411 2672 500 2756 Flens
523 2672 643 2744 oculos,
666 2671 864 2750 lacrimaeque
885 2669 1017 2732 lluebant
1038 2669 1154 2750 triplice
1175 2679 1285 2744 mento,

413 2782 579 2860 Sanguinea
600 2782 851 2860 mistaespuma3
874 2785 977 2859 atque,
1001 2786 1034 2840 111
1055 2779 1179 2842 malleus
1202 2781 1308 2842 hirtam

413 2891 604 2953 contundens
627 2899 757 2969 stupam,
781 2889 835 2950 tria
857 2888 974 2966 singula
994 2889 1146 2951 morsibus
1168 2909 1220 2952 ora

412 3001 510 3062 Unum
532 3020 568 3061 er
590 3000 734 3062 damnatis
757 2997 950 3078 rumpebant,
972 3007 1092 3079 tresque
1115 2999 1251 3062 dolentes

361 3118 394 3172 55
413 3111 462 3173 Sic
485 3110 644 3172 emittebat.
688 3110 796 3170 Verum
818 3127 893 3188 quae
915 3108 1035 3170 vulnera
1057 3109 1145 3171 dente

413 3220 455 3281 us
478 3221 564 3282 dabat
585 3219 732 3292 anterius,
756 3219 841 3280 nibili
862 3219 1015 3298 pensanda
1038 3219 1173 3290 luissent,

414 3331 526 3392 Sinon
550 3337 715 3391 certassent
736 3329 857 3390 caedem
879 3328 1028 3406 geminare
1051 3337 1172 3390 cruenta

412 3438 578 3518 Asperitate
601 3457 733 3517 ungnm,
757 3439 808 3518 qui
830 3438 953 3500 dorsum
975 3437 1052 3516 pelle
1075 3439 1247 3528 frequenter

412 3549 577 3612 Nudabant
602 3582 641 3594 -
665 3550 761 3623 Quam
782 3555 867 3626 urget
889 3556 1061 3610 cunctamm
1082 3548 1209 3610 maxima
1230 3567 1337 3628 poena,

300 3722 304 3730 ,
362 3672 395 3723 1111
412 3659 465 3720 llla
487 3660 583 3721 anima
605 3668 651 3720 est
671 3660 779 3732 Jonas,
804 3658 854 3737 qui
877 3658 985 3720 dicitur
1005 3658 1188 3720 lscsnrores.
1307 3729 1309 3734 ¹

412 3769 495 3830 Intus
517 3767 606 3830 babet
627 3776 715 3848 caput
737 3776 767 3828 et
785 3767 933 3849 jaculatur
955 3786 1041 3830 crura
1062 3785 1191 3846 superne

412 3878 549 3940 Exterius
572 3885 723 3957 porrecta,
746 3879 843 3957 inquit
864 3885 1057 3957 praeceptor3
1080 3885 1109 3938 et
1130 3877 1243 3939 umbris

412 3987 457 4048 Ex
479 3988 544 4049 aliis
567 3989 706 4066 geminis,
730 4005 854 4067 quarum
875 3997 1000 4067 utraque
1022 3987 1111 4049 babet
1133 3995 1220 4067 caput
1242 3987 1327 4060 inira,

414 4097 497 4169 Quae
519 4097 630 4176 pendet
650 4099 735 4175 nigro
758 4117 774 4159 a
795 4097 886 4171 rictu,
910 4105 956 4159 est
976 4097 1089 4158 Braurr:
1113 4096 1249 4176 adspice,
1273 4105 1305 4158 ut
1327 4099 1385 4160 iste

364 4214 397 4268 65
415 4207 489 4268 Sese
512 4207 679 4282 convolvat,
701 4226 757 4268 nec
779 4225 883 4269 vocem
904 4209 1091 4287 erumpatin
1112 4207 1220 4282 ullam3

415 4315 534 4376 Robore
556 4317 757 4379 membrorum
780 4318 831 4397 qui
853 4325 998 4396 praestat,
1023 4317 1142 4380 Gnssrus
1165 4317 1215 4378 ille
1238 4324 1294 4378 est.

458 4425 517 4486 Sed
539 4445 597 4487 nox
619 4427 810 4507 praecipitat,
831 4427 953 4506 jamque
976 4435 1022 4490 est
1044 4427 1199 4489 discedere
1221 4435 1349 4506 tempus,

416 4534 541 4608 Quando
563 4536 724 4600 luminibus
747 4536 934 4598 lustravimus
957 4537 1056 4599 omnia
1076 4537 1199 4600 nostris.
