3214 5400
344 475 406 540 210
790 475 971 526 renueroen
988 477 1045 526 nn

360 713 393 766 eb
411 695 494 758 Talis
517 696 612 757 laetus
634 711 716 756 eram
738 701 768 756 et
790 693 867 768 talis,
894 693 993 773 quoad
1015 694 1138 758 finditur
1158 695 1226 767 alta,

411 807 494 880 Quae
515 804 566 867 dat
587 803 644 866 iter
664 821 754 884 rupes
776 803 998 878 scandentibus,
1021 803 1065 866 ire
1087 804 1253 878 studebam,

409 916 509 996 Usque
531 915 567 976 ad
591 931 678 992 quam
700 913 784 992 potui
807 913 944 976 manibus
966 932 1110 995 prensare
1133 931 1283 976 eoronam.

453 1025 488 1086 ln
511 1023 644 1106 quintum
667 1030 699 1084 ut
720 1022 787 1084 data
808 1032 895 1102 porta
917 1022 974 1084 luit
994 1023 1179 1086 venientibus
1201 1023 1317 1094 orbem,

409 1135 487 1196 Hine
508 1132 590 1194 illine
611 1132 670 1194 vidi
693 1133 788 1194 lusam
810 1132 1008 1214 lacrimasque
1031 1134 1167 1205 sienem,

359 1251 392 1302 7⁰
410 1245 589 1324 lmpressem
611 1261 664 1304 ora
685 1242 751 1304 solo
773 1241 902 1321 plebem.
946 1241 1025 1304 liaeo
1047 1261 1101 1304 vox
1124 1242 1265 1306 omnibus
1287 1261 1361 1304 una:

408 1353 503 1416 Haesi
520 1357 620 1414 eurota
642 1356 674 1414 io
695 1363 790 1426 terra,
812 1350 989 1430 singultibus
1011 1351 1176 1433 interrupta

410 1464 470 1536 sto,
494 1471 525 1524 ut
547 1461 593 1524 vix
614 1479 736 1540 possem
758 1461 882 1522 dentum
904 1468 1022 1540 eaplere
1045 1461 1191 1541 querelas.

453 1572 477 1634 0
501 1571 617 1634 animae
639 1570 761 1644 electae,
784 1569 870 1650 queis
892 1571 963 1632 dant
984 1569 1078 1632 lenire
1101 1570 1221 1634 dolores

408 1682 527 1745 lustitia
549 1689 579 1743 et
600 1699 670 1760 spes
687 1681 790 1760 juncta
813 1679 914 1754 simul,
935 1679 1073 1742 sublimia
1096 1680 1206 1744 montis

360 1793 393 1847 75
409 1789 493 1854 Unde
515 1791 553 1852 sit
574 1791 722 1852 adscensu
742 1789 831 1850 nobis
853 1807 1005 1869 superare,
1029 1788 1150 1853 meets!

410 1902 475 1964 llue
497 1901 523 1962 si
543 1899 676 1972 venistis,
700 1917 823 1960 seeurus
845 1905 971 1980 uterque
989 1899 1119 1980 jacendi,

410 2010 447 2072 Et
468 2029 520 2072 vos
543 2009 601 2070 lert
621 2008 737 2072 animus
759 2006 925 2072 breviorem
948 2025 1071 2090 carpere
1093 2008 1208 2082 eallem,

409 2120 515 2182 Dextra
536 2119 614 2198 legat
634 2117 719 2180 vobis
741 2125 886 2180 extremas
908 2119 1050 2198 marginis
1073 2137 1151 2180 oras.

410 2230 488 2292 Prex
508 2229 604 2290 luerat
625 2227 709 2301 vetis,
731 2228 830 2308 paullo
853 2247 910 2290 nos
932 2239 1000 2292 ante
1023 2230 1105 2291 luere

360 2348 395 2402 8⁰
410 2338 536 2402 Reddita
557 2355 703 2418 responsa
724 2338 810 2400 haee.
856 2339 955 2412 Qerara
977 2338 1066 2400 rerba
1087 2339 1145 2400 ista
1165 2337 1307 2412 locutum,

412 2448 490 2522 Quid
508 2447 617 2528 reliqui
638 2446 737 2520 lateat,
759 2446 848 2528 plano
869 2448 1007 2526 ignorare
1029 2448 1146 2526 putavi:

410 2560 506 2638 Atque
527 2557 578 2619 bie
598 2555 760 2618 luminibus
783 2557 916 2638 quaesivi
938 2557 1048 2620 lumina
1071 2557 1166 2620 nostri

410 2668 448 2729 Et
470 2666 555 2729 ducis
577 2673 606 2728 ol
626 2666 750 2728 domini.
794 2668 904 2728 Laetus
927 2675 997 2731 tune
1019 2667 1122 2729 annuit
1144 2667 1202 2740 ille,

411 2777 449 2839 Ut
469 2776 650 2838 desiderium
672 2776 830 2856 explorem,
853 2777 932 2856 quod
953 2776 985 2838 in
1008 2795 1061 2838 ore
1082 2776 1224 2840 ferebam.

361 2901 395 2956 85
454 2883 591 2946 Libertas
613 2886 685 2948 mibi
707 2905 774 2948 eum
795 2886 899 2966 patuit,
922 2887 978 2948 ruit
999 2885 1088 2948 ardor
1109 2886 1191 2948 adire
1225 2943 1228 2954 ,

410 2995 507 3068 lllum,
530 3013 618 3074 quem
640 3015 729 3058 voees
750 2997 833 3076 prins
855 2997 983 3058 elleeere
1005 2996 1176 3058 notandum.

413 3106 437 3166 0
460 3105 545 3186 eujus
566 3104 706 3167 lacrimae
729 3104 759 3166 id
781 3105 852 3168 dant
872 3117 1029 3178 maturare,
1051 3106 1162 3184 rogari,

412 3216 478 3289 Quo
501 3215 567 3276 sine
589 3232 761 3295 supremum
782 3223 897 3295 patrem
917 3215 1051 3297 reperire
1072 3223 1206 3294 potestas

409 3325 475 3386 Non
499 3333 554 3398 est,
575 3324 716 3405 majorem
738 3343 787 3386 me
807 3333 932 3405 propter
952 3325 1026 3388 siste
1047 3343 1208 3405 parumper

360 3446 394 3499 90
411 3435 529 3498 Curam.
574 3434 648 3508 Quis
670 3435 772 3508 fueris,
795 3453 892 3509 narra,
915 3444 945 3497 et
966 3455 1021 3498 eur
1041 3435 1131 3504 dorsa
1151 3432 1254 3498 feratis

411 3545 560 3608 Conversa
581 3544 618 3606 ad
641 3543 820 3615 eoelumet
841 3545 867 3606 si
888 3563 937 3606 me
959 3546 1117 3626 impetrare
1138 3541 1271 3624 rogando
1363 3625 1368 3635 Ι

410 3653 493 3716 lllius
515 3654 584 3716 inde
606 3653 665 3716 loei
687 3654 849 3734 quidquam
869 3655 925 3717 tibi
946 3655 1023 3716 torte
1043 3662 1213 3735 praeoptas,

411 3764 495 3826 Unde
516 3763 575 3824 lrue
596 3764 679 3826 vivus
702 3763 889 3826 adhaerere
912 3782 980 3826 eum
1002 3781 1128 3844 corpore
1149 3763 1226 3826 reni.
1295 3829 1297 3832 ,

453 3874 542 3953 Isque
563 3873 651 3936 mibi.
673 3873 789 3948 Uisees,
812 3890 865 3936 our
886 3874 922 3935 ad
946 3893 980 3939 se
1001 3881 1105 3936 vertat*
1118 3873 1269 3953 Olympus,

361 3999 394 4052 aa
413 3984 499 4066 Quod
520 3991 590 4064 post
611 4001 666 4045 nos
688 3983 829 4062 gerimus,
851 3984 905 4046 sed
927 3984 1057 4063 primum
1079 3983 1110 4044 id
1132 3984 1218 4057 seito,
1240 3983 1335 4044 luisse

411 4094 456 4154 lle
479 4111 684 4154 successorem
705 4093 796 4154 Petri.
839 4094 879 4156 Se
900 4093 1031 4155 immittit
1051 4093 1083 4154 in
1104 4112 1191 4174 egros

411 4203 536 4267 Sestrim
558 4202 781 4282 Claveriumque
802 4203 881 4264 inter
899 4203 1057 4282 pulobrnm
1079 4221 1191 4282 agmen·
1206 4221 1361 4282 equarum,

411 4315 505 4393 Atque
527 4313 586 4374 sibi
608 4313 724 4375 titulum
745 4331 811 4376 mea
832 4327 905 4388 gens
927 4331 945 4373 a
965 4313 1085 4375 nomine
1108 4313 1188 4376 dueit

410 4422 516 4503 liujus,
532 4422 618 4504 ¹quod
641 4421 733 4485 titulis
754 4421 865 4484 nostris
887 4429 934 4484 est
955 4422 1102 4485 eulminis'
1115 4423 1218 4486 instar.
