3236 5394
575 585 768 636 tureunottutt
786 586 861 636 xxvi.

217 803 268 865 Sic
290 804 399 866 clausis
421 803 506 866 licuit
528 804 602 877 labi,
626 805 697 884 quin
720 823 772 865 ora
794 814 927 865 notarem

215 913 305 973 Poccr
328 899 470 987 Derion,
495 933 581 993 quem
604 914 665 974 vidi
687 915 724 976 de
746 913 841 975 tribus
863 931 963 985 unum,

153 1035 197 1086 135
217 1022 274 1095 Qui
296 1041 404 1084 venere
426 1024 529 1103 prius,
552 1024 684 1085 nondum
704 1032 836 1084 mutasse
858 1023 990 1099 figuram.

214 1132 296 1192 Alter
318 1141 395 1205 erat,
418 1133 472 1195 tihi
495 1133 592 1194 adbuc
613 1134 710 1198 luctus
733 1133 782 1212 qui
806 1141 853 1194 est
875 1151 996 1204 caussa,
1020 1132 1157 1193 Garum.

688 1307 800 1388 Xlllll·

256 1461 372 1530 Gaude,
396 1469 456 1522 tam
477 1477 615 1539 magnum
638 1461 717 1540 quod
739 1461 848 1530 habes,
872 1460 1057 1531 Fuouenrn,
1080 1477 1197 1535 nornen,

215 1571 280 1644 Quo
302 1578 412 1632 terram
434 1579 464 1631 et
485 1585 566 1632 mare
588 1559 763 1649 pervolffas,
786 1588 821 1631 ac
843 1569 965 1630 Tartara
988 1569 1130 1647 comples.

212 1681 345 1760 Namque
368 1693 435 1741 tuos
458 1680 536 1741 inter
557 1680 637 1741 cives
659 1697 714 1758 ego
738 1679 869 1760 quinque
890 1679 1021 1739 latrones

213 1790 315 1850 lnveni
337 1789 427 1862 tales,
450 1799 482 1850 ut
503 1790 544 1850 mi
566 1791 665 1869 pudor
686 1797 812 1867 occupet
834 1805 895 1860 ora,

181 1900 270 1964 5Per
293 1919 367 1978 qnos
390 1900 421 1960 in
443 1901 583 1978 grandem
606 1917 666 1958 non
689 1898 811 1960 esttibi
834 1915 955 1974 surgere
977 1897 1131 1957 honorem.

214 2010 301 2083 Quod
325 2009 350 2069 si
374 2009 428 2069 sub
451 2010 548 2070 lucem
570 2008 692 2070 veniunt
713 2007 861 2069 insomnia
883 2025 961 2076 vera,

211 2118 277 2179 Non
301 2118 396 2179 aberit
417 2127 551 2198 tempus,
575 2135 633 2197 quo
658 2127 687 2179 tu
709 2117 840 2198 patiere,
863 2115 942 2195 qnod
965 2124 1048 2193 optat

211 2228 348 2298 Prnruu,
371 2229 480 2289 nedum
502 2228 552 2288 alii
575 2228 640 2288 tihi.
686 2227 772 2300 Quod
795 2225 820 2287 si
844 2227 921 2287 lorte
943 2225 1056 2296 fuisset,

210 2338 277 2398 Non
299 2347 477 2398 maturatum
498 2356 596 2398 rerer:
620 2336 665 2397 sic
687 2337 759 2397 illud
783 2337 912 2408 adesset,

164 2462 194 2512 lo
211 2446 459 2527 Quandoquidem
481 2455 562 2507 certo
585 2447 716 2520 eveniet3
738 2446 812 2507 milri
834 2463 961 2523 namque
983 2443 1096 2505 doloris

209 2557 322 2617 Vulnus
345 2555 401 2616 erit
423 2555 554 2634 gravius,
579 2575 637 2636 quo
659 2557 726 2636 plus
749 2555 931 2634 processerit
953 2562 1045 2615 aetas.

253 2665 330 2740 Hinc
352 2683 407 2726 nos
429 2665 626 2744 digredimur,
650 2683 766 2745 quaque
789 2671 856 2725 ante
879 2664 1023 2725 exstantia
1046 2681 1115 2724 saxa

211 2776 393 2838 Desocnsum
415 2777 573 2848 dederant,
597 2776 655 2836 dux
677 2775 768 2836 scalis
791 2793 861 2836 usus
884 2773 991 2835 iisdem

210 2887 373 2947 Ascensum
396 2885 496 2964 petiit,
520 2885 573 2945 sed
595 2903 643 2946 me
665 2893 764 2946 tamen
787 2893 854 2945 ante
876 2897 1014 2963 recepto,

165 3004 194 3056 tt
210 2995 422 3074 Desertamque
444 2995 521 3054 viam
543 3011 670 3073 pergens
692 3011 747 3073 per
767 2994 928 3072 fragmina,
951 3012 1064 3072 perque

210 3104 319 3166 Exesas
342 3102 458 3183 scopuli
481 3111 597 3171 cautes,
619 3105 685 3164 siue
708 3110 833 3182 utroque
855 3102 1008 3181 nequisset

209 3213 325 3275 Auxilio
347 3231 486 3275 manuum
510 3213 634 3275 subnixa
657 3213 781 3274 evadere
802 3213 912 3291 planta.

210 3323 294 3384 Tunc
315 3323 410 3396 dolui,
434 3341 597 3404 rursusque
620 3323 722 3384 subest
743 3321 832 3382 modo
855 3339 961 3382 caussa
984 3321 1112 3394 dolendi,

207 3434 251 3494 Ad
275 3451 351 3512 quae
373 3433 532 3511 conspexi,
556 3449 623 3494 cum
644 3433 734 3493 tendo
757 3430 868 3492 lumina
889 3430 1009 3503 mentis,

161 3555 192 3605 2⁰
208 3543 245 3602 Et
266 3542 349 3623 plus,
374 3561 461 3621 quam
483 3542 583 3615 soleo,
607 3541 757 3620 ingenium
780 3537 920 3600 cohibere
942 3538 1055 3613 laboro,

207 3651 250 3712 Ne
272 3651 346 3712 mihi
369 3651 530 3724 discurrat,
553 3671 611 3731 quo
633 3671 694 3712 non
716 3652 766 3712 dat
786 3651 909 3711 tendere
931 3649 1040 3724 virtus3

207 3761 257 3834 Ut,
282 3761 308 3820 si
331 3761 415 3822 stella
439 3762 540 3822 sarens
563 3768 613 3824 aut
634 3761 691 3821 hac
711 3761 807 3840 majus
830 3759 900 3839 quid
924 3759 1040 3820 abunde

206 3870 333 3932 llotihus
355 3878 491 3931 ornatum
512 3889 560 3932 me
583 3871 722 3932 dimisere
744 3869 902 3949 bonisque,

206 3981 266 4042 lsta
287 3979 362 4040 milri
383 3980 482 4041 minus
504 3980 661 4042 invideam.
706 3980 785 4053 Quot
806 3979 903 4040 cultor
924 3995 1069 4056 agrorum,

158 4101 190 4154 25
207 4090 314 4166 (Fusus
336 4088 388 4150 nbi
409 4097 533 4169 propter
554 4089 661 4150 olivum
684 4090 734 4152 dat
754 4088 885 4150 membra
909 4087 1010 4167 quieti,

207 4199 368 4279 Tempore,
393 4217 467 4278 quo,
491 4208 613 4260 cunctas
635 4199 686 4278 qui
707 4199 814 4260 lustrat
834 4197 970 4276 lampade
992 4208 1096 4270 terras,

206 4308 264 4370 Ora
286 4305 386 4369 minus
408 4309 500 4382 celat,
523 4307 611 4369 simul
632 4309 801 4388 importuna
824 4305 968 4385 strepenti

120 4462 123 4468 ,
204 4418 304 4479 Musca
325 4417 424 4490 locum
445 4418 526 4479 cedit
547 4417 661 4495 culici),
684 4417 864 4498 lempuridas
886 4415 976 4476 imam

204 4528 262 4590 Per
282 4527 388 4588 vallem
411 4535 540 4607 spectat,
563 4529 692 4589 tortasse
713 4527 764 4588 ubi
787 4526 900 4604 colligit
921 4543 1002 4598 uvas,

1171 4626 1187 4676 7
1193 4623 1209 4656 tr
