3214 5400
328 483 388 546 184
762 482 941 534 1111111110111
959 483 1020 534 lllll.

878 786 968 868 Xlll·

395 923 519 984 Ventum
542 929 603 984 erat
625 922 662 984 ad
685 939 833 984 summum
855 921 1013 995 scalarum,
1035 921 1086 984 ubi
1108 921 1213 985 scabra
1236 925 1371 986 secundo

272 1097 274 1108 Ι
395 1033 450 1094 Dat
472 1039 604 1094 resecata
625 1033 702 1094 viam
724 1049 825 1112 rupes,
847 1029 997 1110 depellere
1019 1050 1163 1112 praesens

273 1116 274 1129 ¹
395 1142 572 1207 Scandendo
594 1141 727 1204 morbos.
770 1139 815 1202 lbi
838 1139 1038 1211 circumducta
1061 1159 1172 1204 corona

273 1234 275 1333 l
394 1251 493 1314 Altera
515 1271 575 1314 uon
597 1251 684 1314 aliter
705 1249 821 1325 clivrun,
844 1269 879 1312 ac
900 1248 984 1329 prior
1005 1250 1055 1312 illa
1076 1252 1211 1326 revincit,

273 1445 275 1452 Ι
362 1362 427 1424 tSi
450 1380 510 1424 uon
533 1360 657 1422 lalcatus
679 1359 767 1422 citius
790 1379 823 1422 se
845 1359 1011 1423 iullecteret
1031 1377 1128 1424 arcus.

396 1472 480 1532 llaud
504 1470 593 1533 ullam
615 1470 664 1532 hic
686 1469 828 1543 umbram,
851 1469 932 1532 lraud
953 1469 1046 1532 ullum
1067 1471 1116 1534 hic
1135 1480 1181 1534 est
1194 1474 1457 1552 cerneresignum,

397 1583 456 1644 Sed
478 1581 543 1660 ripa
564 1587 620 1653 est,
643 1587 673 1642 ct
694 1579 750 1640 iter
772 1579 906 1660 simplex,
930 1580 1106 1660 scopulique
1129 1581 1260 1644 colorem

273 1712 276 1728 ·
395 1691 549 1754 liventem
571 1689 717 1752 referens.
760 1690 901 1752 1111111
924 1689 994 1758 talia
1015 1709 1148 1754 mecum:

398 1800 428 1864 Si
453 1819 508 1862 nos
530 1798 662 1861 mansuri
685 1805 811 1876 genum,
834 1817 921 1878 quam
943 1819 1015 1862 voce
1038 1817 1186 1878 rogemus,

274 1969 276 1986 ,
348 1923 379 1975 10
397 1911 453 1972 llic
476 1919 599 1982 stamus,
617 1927 727 1972 uereor
748 1927 787 1970 ne
809 1917 943 1972 nostrum
966 1910 1043 1972 sorte
1064 1929 1215 1973 moremur

398 2022 468 2082 l'lus
491 2020 564 2082 satis
587 2018 724 2082 electum.
766 2018 801 2080 ln
824 2018 919 2082 solcm
940 2020 1009 2082 dein
1031 2019 1142 2082 lumina
1163 2021 1266 2100 figens,

397 2133 506 2194 Dextro
528 2149 601 2192 usus
622 2129 725 2201 latere,
747 2137 779 2191 ut
801 2137 912 2203 centro,
936 2129 1108 2210 circumegit
1129 2131 1161 2192 in
1183 2130 1286 2193 orbem

399 2243 438 2304 Se
459 2242 631 2318 laevamque
653 2239 701 2300 sui
721 2247 837 2320 partem
858 2240 1013 2302 conamine
1035 2241 1130 2302 torsit.

350 2467 381 2524 15
398 2462 552 2526 lnsuetum
573 2459 645 2522 mihi
667 2459 731 2531 iter,
755 2458 800 2520 sic
822 2475 877 2520 nos
900 2458 967 2532 duc,
990 2459 1095 2540 inquit,
1118 2469 1152 2522 ut
1172 2477 1301 2539 aequum
1323 2469 1369 2522 est

276 2551 280 2692 1
400 2571 442 2632 Te
464 2590 520 2632 nos
542 2571 601 2632 huc
622 2569 702 2631 intus
724 2568 883 2632 deducere.
927 2567 974 2630 'lu
994 2569 1059 2630 lace
1081 2570 1224 2632 mundum

400 2680 527 2743 deliacis
549 2679 675 2758 ignifera
696 2686 787 2758 tuque
808 2679 907 2758 ipsum
928 2678 1064 2758 lampade
1086 2679 1212 2753 lustras3

401 2790 433 2851 Si
455 2808 517 2851 non
539 2789 664 2864 obsistat
685 2788 832 2850 contraria
854 2807 968 2862 caussa,
991 2807 1116 2852 necesse
1139 2797 1185 2852 est

400 2900 458 2961 Pro
482 2898 557 2960 duce
579 2899 689 2960 habere
710 2905 793 2960 tunm
815 2897 1007 2978 splendorem
1028 2906 1146 2979 tempus
1167 2900 1199 2960 in
1220 2918 1308 2962 omno

349 3019 384 3070 2⁰
402 3010 550 3092 Quantum
572 3008 661 3070 isthic
683 3008 770 3089 spatii
791 3027 900 3089 passus
921 3027 978 3088 per
998 3007 1079 3071 mille
1101 3016 1230 3089 putatur,

401 3118 527 3181 Tantum
548 3137 604 3180 nos
625 3119 696 3192 illic,
718 3119 817 3180 studio
839 3118 1047 3192 inflammante,
1069 3119 1137 3181 viai

402 3229 574 3292 Conlecisse
595 3228 679 3291 brevi
701 3228 800 3302 credo,
824 3245 892 3296 cum
913 3229 1062 3290 sensimus
1086 3229 1215 3302 umbras,

402 3341 530 3401 Cernere
553 3357 626 3419 quas
649 3337 713 3400 acie
734 3338 814 3400 haud
836 3339 939 3409 iuerat
962 3338 1083 3418 prodire
1105 3339 1246 3419 loquaces

402 3448 463 3509 Nos
487 3457 597 3522 contra,
620 3449 773 3510 hortantes
796 3447 833 3508 ad
855 3465 990 3510 mensam
1013 3449 1156 3512 accedere
1178 3449 1287 3510 amoris

351 3563 384 3615 25
404 3559 543 3632 Comiter,
566 3567 595 3620 et
617 3577 692 3637 quae
714 3557 850 3620 transivit
869 3577 925 3618 vox
947 3559 1043 3637 prima
1064 3557 1201 3632 volando,

403 3666 468 3732 lllto
492 3676 538 3730 est
558 3668 617 3730 lata
640 3686 730 3728 sono:
753 3666 823 3728 Nou
844 3678 889 3730 cst
911 3668 956 3730 leis
980 3673 1064 3747 copia
1085 3669 1172 3740 vini‚'

399 3777 538 3850 Carmen,
562 3786 591 3838 et
611 3777 670 3838 hoc
691 3777 799 3838 iterum
820 3786 889 3856 post
911 3796 968 3838 nos
990 3778 1156 3858 iterumque
1176 3776 1276 3854 locuta
1298 3784 1353 3838 est.

402 3887 440 3947 Et
460 3887 544 3967 prius
567 3887 605 3948 ob
627 3888 748 3964 longum
770 3886 944 3950 abscessum
967 3905 1056 3967 quam
1077 3896 1138 3949 tota
1160 3886 1281 3967 periret

404 3996 501 4058 Altera
523 3997 721 4077 praeteriens:
744 3997 807 4076 Ego
830 4017 905 4070 sum,
930 3997 1081 4070 clamabat,
1106 3997 1253 4058 Onusrns.

354 4117 387 4168 30
404 4106 465 4166 Nec
486 4115 584 4168 11111111
604 4107 678 4168 haec
700 4107 818 4168 mansit.
862 4108 975 4182 Quare:
1000 4106 1025 4170 0
1048 4115 1132 4187 pater
1154 4107 1275 4186 optime,
1297 4106 1366 4180 duri,

406 4217 487 4289 Quae
510 4225 578 4278 sunt
599 4217 655 4280 1111
676 4214 790 4280 voces?
813 4219 865 4278 Vix
886 4218 953 4280 talia
973 4217 1063 4306 verba
1083 4218 1195 4290 locuto,

405 4323 498 4387 Ecce!
522 4326 694 4406 supervenit
715 4347 770 4388 vox
792 4327 877 4404 tertia
899 4334 929 4387 et
949 4327 1061 4408 inquit:
1085 4327 1196 4401 Amare,

411 4435 493 4508 Quos
516 4441 598 4500 scitis
621 4455 733 4500 nocuos
756 4437 849 4499 codas.
872 4469 914 4481 —
935 4436 991 4500 llic
1012 4438 1149 4500 verberat
1171 4437 1263 4511 orbis,

965 4647 972 4651 ·-
981 4645 1072 4654 ..ι-...ιι
1081 4647 1099 4653 -ω
1105 4645 1131 4653 ..-
1137 4639 1480 4652 ---»„„.-—-—-—-——-—--

967 4579 970 4588 1

281 4580 684 4664 l-..--.-,-.-----
700 4637 955 4652 -..-.-..-.-

488 4691 491 4699 ι

1503 609 1505 678 1

1503 697 1505 782 1

1504 2145 1507 2239 Ι

439 2350 608 2413 lucundum
628 2348 738 2422 lumen,
762 2351 821 2428 quc
844 2348 940 2410 fidens
964 2348 1042 2412 istud
1064 2349 1136 2412 iniri

1506 2755 1508 2807 l

1506 2825 1509 2932 1

1507 3327 1511 3376 1

1508 3519 1511 3598 1
