3282 5404
284 502 289 515 ’
351 518 413 581 310
799 519 933 570 nemersi
950 518 1028 570 xxiv.

365 747 399 799 91
414 738 490 800 Dum
511 735 627 817 prolem
649 735 707 798 ibis
727 753 806 817 pone
827 743 917 810 tuam,
940 736 1156 817 sphaeramque
1179 755 1348 816 supremam

415 846 486 909 Plus
509 845 586 908 diam
609 843 733 919 efficies,
755 845 799 907 ilii
821 845 900 926 quod
923 865 956 908 es
978 846 1077 908 addita
1100 865 1203 925 regno.

415 958 476 1019 ista
496 953 591 1016 melos
613 955 847 1019 circumductum
869 955 925 1018 sub
947 956 1076 1019 carmina
1096 955 1227 1020 habebat

414 1065 528 1138 Finem,
550 1082 668 1144 unoque
690 1064 766 1127 aliae
787 1064 871 1128 luces
893 1083 1022 1128 sonuere
1036 1063 1174 1128 Mortem.

414 1175 517 1254 Regio,
540 1193 614 1254 quas
637 1174 729 1253 cingit
750 1182 872 1236 cunctos
893 1173 1038 1254 vertigiue
1057 1191 1144 1255 gyros

364 1287 398 1342 11
416 1283 593 1360 stelliferas,
615 1283 706 1346 vestis
728 1302 813 1363 mage
834 1284 955 1358 fervida,
978 1285 1086 1364 cuique
1107 1284 1279 1348 ministrent

415 1395 486 1458 Plus
507 1394 584 1456 ritae
606 1393 703 1456 Patris
725 1411 824 1456 mores
846 1404 934 1474 atque
955 1393 1065 1458 halitus
1086 1394 1191 1467 almus,

414 1504 476 1566 Nos
499 1521 591 1583 super
612 1502 737 1566 interius
759 1502 899 1566 distantia
923 1519 1051 1572 concere
1072 1503 1200 1566 habebat

415 1614 475 1689 Sic,
498 1621 539 1688 ut,
562 1611 614 1676 ubi
636 1620 785 1686 steteram,
807 1612 879 1674 mihi
902 1631 935 1675 se
956 1613 1088 1676 nondum
1110 1612 1160 1675 ilia
1181 1613 1308 1674 ridenda

414 1722 611 1786 Praeberent:
635 1739 710 1801 quas
732 1739 837 1784 caussa
860 1722 923 1796 tuit,
948 1740 1002 1784 cur
1023 1722 1109 1803 copia
1131 1723 1211 1786 nulle

348 1844 398 1900 loo
415 1834 461 1896 Sit
482 1833 548 1895 data
570 1831 731 1894 luminibus
753 1832 865 1894 nostris
887 1851 1004 1896 servare
1027 1833 1180 1914 sequendo

413 1943 509 2004 Posse
532 1949 702 2004 coronatum
725 1941 874 2004 flammam
893 1942 1019 2005 sublime
1040 1951 1193 2023 petentem

414 2053 458 2115 Ad
480 2052 611 2130 genitum
632 2069 727 2131 usque
749 2069 845 2114 suum.
868 2084 910 2096 -
931 2051 1018 2114 Velut
1037 2053 1145 2124 infans,
1167 2052 1287 2115 brachia
1310 2054 1405 2116 tendit

416 2162 475 2236 Qui
497 2169 580 2224 satur
601 2161 637 2222 ad
659 2169 791 2234 matrem,
815 2160 886 2224 dum
907 2161 971 2223 risu
991 2161 1090 2241 prodit
1112 2181 1259 2225 amorem:

415 2272 467 2334 Sic
490 2291 522 2334 se
543 2271 697 2352 protendit
717 2271 843 2350 quisque
865 2290 901 2332 ex
923 2271 1102 2334 candoribus
1123 2271 1185 2334 iliis

348 2387 397 2442 ltttt
414 2381 529 2444 Vertice
552 2380 679 2454 sublato,
702 2388 736 2444 ut
756 2380 864 2454 norim,
887 2399 975 2462 quam
998 2381 1089 2444 corde
1108 2381 1232 2444 Mariam

413 2491 578 2569 Diligersut
599 2498 692 2570 grato.
735 2490 883 2571 Deinceps
905 2489 948 2552 ilii
970 2501 1039 2554 unte
1061 2499 1170 2554 stetere

415 2601 474 2663 011
495 2599 579 2674 mihi,
601 2617 696 2680 usque
718 2601 793 2663 adeo
815 2600 904 2675 dulci,
925 2599 1046 2681 Rspice,
1071 2600 1216 2676 canendo,

416 2703 516 2774 Coeli!
539 2717 693 2782 concentu,
715 2717 748 2772 ut
769 2729 920 2791 nunquam
942 2711 1015 2772 mihi
1036 2718 1136 2774 mente
1157 2711 1294 2792 voluptas

412 2818 573 2881 Exciderit.
618 2818 734 2891 Quanta
756 2827 802 2882 est
822 2820 944 2882 ubertas
966 2821 1085 2884 condita
1106 2821 1137 2884 iu
1157 2821 1216 2884 illis

348 2945 398 2996 llo
412 2928 499 2992 treis
521 2927 670 3002 divitibus,
691 2935 788 2991 111111
809 2929 889 2992 hona
911 2931 1024 2993 semiue
1044 2931 1141 2993 doctis

413 3036 569 3103 Mandarai
592 3036 648 3100 Hic
668 3037 727 3100 rite
749 3047 804 3113 est,
824 3039 909 3119 jurat
928 3040 978 3102 hic
999 3040 1126 3118 gaudere
1147 3049 1269 3120 reposto

415 3149 579 3222 Thesauro,
603 3165 701 3228 quem,
724 3149 773 3228 qui
797 3150 863 3212 exul
886 3157 950 3212 erat
969 3149 1128 3229 Babylonis
1150 3150 1179 3212 in
1202 3149 1285 3225 urbe,

415 3260 496 3321 Auro
519 3258 560 3320 ihi
582 3259 728 3336 neglecto,
751 3259 880 3337 aggessit
900 3267 1017 3339 partum
1039 3259 1116 3321 haud
1139 3260 1205 3322 sine
1227 3263 1308 3324 fietu.

415 3369 472 3431 Hic
493 3367 549 3430 sub
570 3367 722 3447 progenie,
745 3370 829 3449 cujus
853 3387 947 3447 genus
969 3389 985 3430 a
1007 3369 1093 3431 Putre
1116 3388 1232 3432 summo
1338 3389 1347 3396 ·

349 3489 398 3544 115
416 3479 597 3540 Cunctorum
617 3477 754 3553 Domino,
776 3486 806 3540 et
826 3479 916 3540 Maria
939 3477 995 3540 sub
1017 3486 1109 3541 matre
1132 3479 1293 3559 triumphat

415 3589 515 3650 Victor
537 3607 604 3650 cum
626 3587 756 3666 antiquis
778 3588 968 3650 credentibus
990 3588 1236 3668 sequanorum,

416 3699 474 3773 Qui
497 3698 593 3788 clares
616 3704 720 3770 servat,
743 3716 798 3777 per
819 3717 893 3778 quas
914 3714 1039 3775 regnum
1060 3699 1119 3761 itur
1140 3699 1171 3760 in
1192 3700 1282 3762 istud.

890 3959 1003 4042 xxiv.

457 4136 564 4198 Juucta
585 4135 725 4198 sodalitio
747 4154 832 4198 sacra
852 4137 947 4211 turba,
970 4137 1062 4201 electa
1084 4137 1170 4222 beati

417 4243 563 4307 Grandem
583 4245 651 4324 ogni
673 4245 710 4306 ad
732 4264 863 4321 coenem,
887 4255 915 4310 te
932 4248 977 4310 sic
997 4247 1148 4328 pascentis
1170 4248 1298 4321 abunde,

416 4354 454 4415 Ut
474 4353 616 4417 desiderii
637 4373 732 4436 usque
754 4357 797 4418 tui
818 4356 879 4418 sint
899 4357 1005 4434 gaudia
1026 4358 1130 4438 plene3

416 4462 603 4527 Gratificante
624 4465 696 4539 Deo,
718 4465 745 4527 si
765 4475 813 4528 cst
832 4467 1000 4549 praelibare
1020 4475 1153 4550 potestus
