3236 5394
570 567 764 618 lNl'ERNORUM
782 567 847 618 XXX.

213 786 296 848 Visae
319 793 389 848 suut
411 784 484 848 adeo
507 785 537 844 in
560 802 738 864 quemquam
760 785 891 857 saevire,
913 784 960 845 vel
980 801 1078 862 ungue

212 897 331 974 Figere,
354 895 464 956 nedum
486 895 654 967 hominum,
678 895 846 957 rabidarum
867 893 999 954 membra
1021 894 1158 967 serarum,

213 1005 295 1066 Sicut
316 1005 357 1066 ibi
379 1005 549 1066 umbrarum
570 1005 630 1068 viui
653 1005 808 1068 simulacra
831 1003 955 1065 duarum

210 1114 313 1188 Arida,
336 1115 415 1176 nuda
437 1123 518 1176 artus
541 1133 574 1176 se
597 1113 710 1176 alterno
733 1115 884 1178 incessere
906 1131 1017 1184 morsu,

165 1235 195 1288 25
211 1223 343 1302 Tamque
368 1224 425 1284 cito
449 1224 520 1284 ferri
543 1241 648 1294 cursu,
673 1231 781 1302 quanto
804 1223 913 1300 impete
934 1239 1053 1300 porcus,

211 1333 284 1395 Cum
306 1352 339 1393 se
362 1333 449 1394 solvit
469 1333 549 1394 hara.
593 1332 671 1394 Petit
691 1345 772 1394 artus
794 1351 852 1394 una
875 1332 1011 1403 Caracca,

209 1442 246 1502 Et
268 1442 337 1504 colli
359 1444 470 1504 nodum
492 1442 670 1523 compressit
692 1442 779 1502 dente
800 1442 896 1503 tenaci

210 1552 275 1625 Sic,
298 1559 331 1613 ut
351 1560 464 1632 raptato
486 1561 590 1614 venter
611 1552 714 1614 tellure
737 1552 887 1614 fricandus

209 1662 284 1723 Huic
309 1671 390 1724 esset
411 1663 515 1724 solida.
559 1663 650 1734 Tum,
674 1661 725 1744 qui
748 1662 827 1724 stetit
849 1680 901 1722 cre
923 1668 1069 1732 trementi,
1147 1655 1149 1661 ⁴

163 1783 193 1836 ³0
209 1775 358 1833 laurinus
382 1773 434 1834 ait:
457 1772 612 1834 Furiosam
634 1789 723 1832 cerne
743 1771 866 1832 loannis

210 1883 332 1944 Srrccnr
356 1881 487 1943 umbram
511 1890 633 1944 cunctos
657 1881 701 1942 sic
722 1881 918 1958 depectentis.
942 1912 981 1922 -
1004 1881 1111 1944 misti

209 1993 288 2053 Dixi:
312 1991 336 2052 0
361 1992 405 2052 sic
425 1999 527 2071 parcat
548 2001 577 2052 ta
599 1993 689 2068 ligere
712 1990 850 2052 dentibus
871 1991 960 2063 alter3

208 2102 252 2163 Ne
275 2120 360 2180 grava
382 2102 421 2162 sit
442 2101 513 2174 lari3
537 2101 599 2172 dic,
624 2100 760 2179 quisnam
782 2108 827 2161 est
849 2100 915 2172 illc,
938 2100 1110 2178 priusquam

209 2212 322 2273 isthinc
343 2219 485 2290 erumpat
526 2211 673 2271 ¹llumnnn
696 2217 779 2271 vetus
802 2209 850 2270 illa
873 2209 1015 2270 scelestae

161 2333 192 2388 35
207 2323 260 2382 Est
283 2321 392 2392 anima,
416 2320 446 2381 in
467 2328 581 2398 patrem
603 2320 648 2380 las
670 2319 746 2380 ultra
767 2319 883 2398 perdite
905 2319 1013 2392 amica;

209 2432 327 2492 Crimen
349 2431 378 2490 in
402 2431 533 2490 incestus
556 2448 645 2508 quem
666 2429 753 2490 traxit
774 2429 877 2490 lraude
899 2429 955 2490 sub
978 2430 1048 2490 ista:

207 2540 335 2602 Alterius
358 2540 483 2601 formam
503 2540 579 2600 laiso
601 2538 736 2611 mentita,
758 2538 872 2616 parenti

208 2651 282 2712 Sese
305 2650 479 2729 supposuit3
501 2649 581 2710 uelut
603 2649 691 2722 alter,
715 2648 766 2726 qui
788 2647 857 2712 inde
879 2647 1000 2720 recedit,

206 2760 291 2838 Tingi
314 2779 347 2822 se
368 2760 490 2820 Bnosuu
513 2760 626 2820 Donum
648 2777 771 2838 passus,
795 2777 937 2837 equarum

159 2891 190 2943 40
206 2871 244 2932 Ut
265 2887 353 2948 grege
376 2870 413 2931 de
435 2875 496 2929 toto
519 2869 650 2946 regnum
673 2868 852 2947 acquireret,
876 2887 967 2930 ausus

207 2980 321 3041 Testari
342 2980 423 3040 hunc
445 2979 601 3050 simulans,
625 2977 713 3038 simul
735 2985 765 3038 et
785 2977 892 3038 tabulis
915 2979 985 3038 dare
1008 2995 1150 3040 normam.

247 3090 409 3168 Postquam
431 3088 530 3149 abiere
552 3088 612 3149 duc
634 3086 737 3148 rabido
761 3087 846 3148 obvia
868 3088 955 3148 dente
977 3094 1121 3166 petentes,
1200 3165 1205 3171 Ι

205 3200 239 3260 lu
262 3218 337 3278 quos
361 3198 495 3259 obtutum
515 3197 658 3274 ligabam,
681 3196 792 3258 lumina
813 3197 884 3257 verti

204 3310 377 3388 Inspectum
399 3307 473 3370 alios
495 3307 571 3368 male
593 3315 689 3368 natos.
735 3307 773 3366 Se
796 3304 901 3366 obtulit
922 3305 995 3366 alter

155 3423 188 3476 45
205 3417 389 3498 spectandus
411 3417 476 3478 litui
498 3418 606 3489 forma,
631 3435 718 3496 quam
740 3423 820 3476 totus
841 3413 977 3486 hahebat,
1317 3422 1320 3512 !

204 3529 270 3588 Nou
292 3527 376 3588 aliter
398 3527 510 3596 lactus,
535 3527 560 3587 si
583 3527 684 3588 demas
707 3524 826 3604 inguina
847 3525 932 3602 parti,

204 3639 269 3711 Qua
291 3637 335 3698 vir
357 3637 394 3697 sit
414 3635 534 3697 bifidus.
579 3637 682 3697 Gravis
703 3635 849 3714 hydrops,
873 3634 1116 3713 disparennrma

203 3747 253 3810 Sic
275 3747 407 3808 membra
429 3746 561 3807 alliciens
585 3754 741 3824 congestae
765 3745 849 3824 copia
871 3745 966 3822 aquai,

204 3857 299 3930 Quam
320 3855 396 3917 mue
420 3856 578 3927 convertit,
601 3855 722 3916 uunime
744 3863 777 3916 ut
797 3854 976 3934 respoudeat
996 3854 1061 3914 dvo

153 3971 185 4025 5⁰
202 3966 261 4038 Os,
284 3966 364 4026 hunc
386 3966 526 4027 confinnn
550 3965 644 4026 labris
662 3965 776 4028 inhiare
798 3964 923 4026 reclusis

203 4077 301 4153 Cogit,
324 4095 408 4137 mare
430 4076 500 4148 viri,
525 4095 612 4153 quem
634 4075 732 4136 tabida
753 4075 846 4136 febris
868 4073 972 4145 admit,

203 4186 275 4259 Qui,
300 4185 468 4247 stimulante
490 4185 538 4245 siti
562 4203 630 4246 cum
651 4187 768 4262 flagrat,
792 4184 930 4262 deprimit
950 4182 1040 4244 imum

201 4295 243 4356 Ad
265 4303 414 4367 mentum,
438 4295 613 4372 innectitque
637 4295 673 4354 ad
694 4312 782 4354 nares
804 4313 900 4372 usque
923 4310 1096 4371 supernum.

244 4405 268 4466 Ο
292 4425 359 4478 vos,
384 4405 434 4484 qui
456 4423 571 4483 poenae
593 4404 739 4464 immunes
761 4406 830 4478 (nec
852 4402 967 4480 cognita
990 4404 1106 4477 caussa)

151 4522 184 4576 55
202 4513 299 4577 Triste
321 4515 481 4594 pererratis
503 4529 643 4590 reguum,
668 4513 902 4592 circumspicite,
926 4511 1029 4590 inquit,
1197 4586 1199 4591 .

1165 4607 1201 4663 8*
