3214 5400
314 531 378 594 tlt
434 499 443 512 ³
746 533 929 586 euaseroau
945 535 1004 586 ιιι.

315 763 366 818 lto
382 751 503 825 Tantus,
526 759 560 814 et
579 751 727 815 accedens
748 752 832 814 lateri
855 753 893 815 sit
914 749 984 816 ialie
1006 753 1084 816 tatus

382 861 507 923 lioctor:
529 861 577 924 lile
598 862 722 924 ductore
743 863 796 936 tui,
820 862 909 924 timor
930 863 1028 926 omnis
1050 863 1166 928 abesto.

383 971 489 1034 Gloria
509 975 542 1034 to
564 971 703 1046 eccelsia,
726 972 826 1034 cuncti
847 989 906 1034 nna
927 989 1001 1034 roca
1023 981 1165 1038 canantes

383 1079 601 1159 concrepuere,
623 1075 708 1144 lleol
729 1081 826 1162 quoad
849 1089 931 1143 stans
952 1100 1048 1162 prope
1068 1083 1158 1146 rerba
1179 1083 1288 1146 nonu.

382 1191 421 1252 tt
440 1209 498 1252 nos
520 1190 635 1252 immoti
657 1191 857 1270 suspensique
879 1209 931 1254 ora
951 1199 1064 1267 tenere,

317 1309 366 1364 lto
383 1300 468 1362 Siout
488 1306 625 1379 pastores
648 1319 716 1364 curn
737 1301 866 1380 primum
888 1299 1016 1381 perculit
1037 1319 1124 1365 annes

382 1407 438 1472 llic
460 1417 573 1484 cantus,
597 1409 695 1472 donec
716 1420 803 1472 centu
825 1417 938 1472 tremor
958 1411 1008 1474 ille
1029 1419 1150 1491 peracto

383 1519 510 1581 Destitit.
553 1519 610 1581 Hic
630 1520 742 1600 pariter
762 1527 896 1582 nosuum
918 1538 976 1582 nos
997 1539 1101 1583 rursus
1124 1519 1234 1583 inimns

383 1629 525 1692 Sanctum
546 1629 604 1691 iter
624 1637 712 1710 etque
734 1629 800 1691 solo
822 1629 904 1692 lusus
926 1630 1117 1710 adspeximus
1137 1631 1267 1705 umbras,

382 1739 416 1801 ln
438 1739 526 1801 fletus
548 1739 655 1802 itsmnr
676 1757 790 1804 versas.
834 1739 954 1802 lnsoitis
975 1739 1057 1801 nulla

318 1849 367 1904 rso
382 1849 430 1910 lile
451 1856 531 1911 tanto
554 1849 659 1910 alllixit
680 1849 821 1929 cupidum
842 1867 906 1911 rem
928 1848 1045 1912 discere
1066 1849 1155 1923 bello,

383 1959 420 2020 Ni
442 1977 611 2021 memorans
634 1977 712 2031 erro,
735 1965 845 2038 quanto
866 1966 937 2020 tune
959 1977 1026 2020 sum
1047 1959 1121 2020 milti
1141 1960 1224 2026 visus

383 2067 492 2148 Frangi
512 2069 658 2144 volventi3
681 2067 756 2130 duco
778 2067 857 2147 quod
880 2075 1060 2148 properante
1080 2085 1187 2148 rogare

384 2177 576 2258 Nequaquam
600 2196 691 2240 ansus
713 2195 804 2251 eram,
826 2193 884 2239 nec
904 2195 960 2257 per
979 2195 1027 2240 me
1048 2195 1176 2241 noscere
1198 2179 1328 2259 puidam.

386 2287 437 2350 Sic
458 2287 538 2350 iham
559 2287 691 2361 timidus,
713 2288 881 2368 mentisque
903 2287 1051 2350 exercitus
1072 2295 1168 2352 aestu.

876 2547 962 2632 XXl·

388 2727 563 2804 lagenerata
586 2725 661 2800 sitis,
683 2697 844 2806 nunquam
857 2723 962 2788 satiata
982 2727 1136 2801 mesdeus,

389 2835 422 2898 Si
444 2835 596 2897 fraudetur
616 2852 701 2915 aqua,
724 2835 842 2916 qualem
864 2836 1019 2899 samaritis
1039 2836 1145 2899 arebat

388 2945 453 3008 lloc
475 2963 564 3008 orans
587 2944 706 3019 donum,
728 2963 777 3006 me
799 2945 909 3006 isthinc
930 2947 1089 3021 cruciabat,
1112 2955 1143 3009 et
1162 2946 1245 3010 illine

388 3055 434 3118 lle
456 3053 617 3117 festinandi
640 3054 769 3118 studium
791 3055 961 3118 stimulabat
980 3064 1108 3130 euntem,

355 3163 567 3245 timplicitum
587 3182 643 3244 per
663 3165 719 3227 iter
740 3165 892 3226 ductorem
907 3183 993 3244 pone
1015 3173 1158 3240 secutum,

389 3273 426 3336 Et
443 3274 524 3355 juste
544 3273 673 3336 ullarum
693 3275 854 3337 miserebat
875 3276 967 3338 corde
991 3275 1149 3338 dolentem.

431 3382 527 3463 Atque
549 3399 629 3458 ecce,
652 3393 684 3446 ut
704 3384 802 3446 Lucas
823 3385 985 3446 redivivum
1006 3386 1092 3447 leuce
1113 3385 1243 3466 sepulcri

389 3493 551 3572 Egressum
573 3493 678 3555 scribit
698 3513 766 3556 sese
789 3495 958 3557 ostendisse
979 3491 1149 3571 ridendum,

389 3605 483 3682 inque
505 3603 552 3664 via
573 3621 642 3665 sese
663 3605 801 3666 comitem
819 3604 955 3684 junxisse
977 3604 1094 3666 duobus

341 3721 374 3774 1⁰
389 3713 551 3792 Discipulis
572 3712 732 3787 Christum,
753 3722 824 3792 post
844 3722 927 3791 terga
948 3714 1104 3793 advenerat
1124 3713 1239 3788 umbre,

389 3823 451 3888 Sub
474 3822 601 3905 pedihus
622 3821 737 3884 turbam
760 3830 843 3886 stans
865 3823 1064 3904 contemplata
1079 3825 1249 3904 jacentem

390 3933 450 3996 Sed
472 3940 579 3995 neuter
599 3932 702 4005 sensit,
725 3951 802 4012 quae
823 3933 868 3996 sic
888 3933 971 4013 prior
991 3951 1044 3996 ora
1064 3933 1200 3996 resolvit:

390 4041 441 4104 Sic
461 4061 525 4116 vos,
547 4043 635 4104 dante
655 4043 727 4116 lieo,
750 4043 840 4105 iaciat
859 4059 917 4122 pax
938 4043 1013 4105 alma
1035 4043 1150 4118 beatos,

391 4150 416 4213 0
438 4150 562 4214 tratres!
584 4185 627 4198 -
648 4152 751 4216 Oculis
773 4153 873 4214 subito
893 4155 1080 4233 respeximus
1099 4153 1198 4227 ambo,

342 4267 374 4321 lt
391 4262 484 4340 inque
505 4263 610 4336 ricem
633 4269 666 4324 ut
687 4262 796 4338 decuit,
817 4269 904 4324 vates
920 4263 979 4325 hoc
1000 4265 1103 4326 annuit
1123 4264 1176 4326 illi.

391 4370 466 4432 liein
487 4371 547 4434 sio:
570 4373 613 4434 Te
635 4371 672 4434 ad
693 4388 798 4452 pacem
817 4391 906 4436 verax
926 4373 1023 4436 traltat
1044 4374 1109 4438 aula
1131 4391 1301 4456 supernam,

392 4479 475 4553 Quae
496 4482 601 4560 procul
623 4481 710 4544 exilio
731 4499 780 4544 me
801 4489 919 4564 tompus
939 4485 971 4546 in
993 4501 1082 4547 omne
1103 4484 1225 4564 releget
