3214 5400
582 583 762 634 ruucrruatt
782 584 811 632 ll.

141 812 185 863 130
200 801 273 862 Nam
297 800 453 880 qualisque
475 809 505 862 et
524 809 633 880 quanta
656 801 726 871 luit,
750 819 838 880 quam
859 801 973 878 legerat
994 802 1053 875 ille,

200 910 303 972 Planta
326 911 462 984 humilis,
487 909 616 990 talisque
638 919 668 972 ct
690 918 772 972 buta
794 918 841 972 est
860 912 923 972 visa
944 929 1062 974 renasci

201 1020 296 1082 ilicet.
321 1021 411 1100 inque
434 1020 501 1081 loco
523 1021 637 1100 pariter
658 1021 773 1100 posita,
795 1021 874 1082 unde
896 1021 1013 1082 revulsa
1037 1033 1092 1084 est.

243 1459 309 1522 dam
332 1459 403 1522 Sole
425 1459 559 1533 albebat,
584 1460 687 1538 quiin
709 1458 799 1539 plano
824 1459 961 1521 terminat
982 1459 1102 1522 aethrae

203 1568 398 1650 Prospectum
422 1569 547 1638 circius,
571 1569 619 1632 cui
642 1569 693 1649 qui
715 1587 806 1648 super
827 1568 962 1630 imminet
982 1587 1076 1648 aeque

151 1659 154 1664 ¹
203 1679 295 1752 iiiuc,
318 1679 387 1742 iude
408 1679 439 1740 in
461 1678 576 1751 medio,
599 1697 658 1758 qua
681 1697 749 1739 sese
772 1677 936 1740 altissimus
959 1679 1054 1750 effert,

204 1789 311 1851 Urbem
335 1789 432 1869 operit
453 1787 619 1867 Solymam3
643 1795 730 1868 atque
751 1788 831 1860 viae,
854 1805 930 1867 quae
953 1787 1072 1848 conficit
1093 1785 1197 1848 orbem

171 1899 290 1964 aParte
312 1897 367 1960 sub
390 1898 543 1978 opposita,
567 1916 627 1958 nox
648 1897 829 1984 assurgebat·
844 1895 881 1958 ab
904 1897 991 1959 undis

203 2007 326 2086 Gangis.
350 2015 547 2088 praeportans
569 2015 696 2086 aequato
717 2006 851 2086 pondere
872 2006 974 2069 lances

203 2119 310 2180 Dextra
333 2116 503 2197 elapsurus,
526 2117 615 2178 simul
638 2133 673 2178 ac
694 2135 857 2196 properare
878 2116 1010 2180 laboret:

205 2227 304 2300 Quare
327 2227 485 2289 candidulo
507 2245 657 2308 roseoque
678 2227 823 2307 adspersa
846 2226 946 2287 colore

181 2336 333 2406 ,Pulchra
354 2338 468 2398 Aurora
490 2353 597 2414 genae,
621 2337 651 2398 in
673 2355 730 2417 qua
753 2337 875 2413 regiona
897 2335 1045 2409 morabar,

159 2455 188 2509 10
204 2447 297 2508 Lutea
319 2446 411 2508 tiabat
432 2447 524 2508 nimio
543 2447 607 2528 jam
629 2445 767 2523 languida
789 2445 826 2508 ab
849 2464 931 2508 aevo.

247 2555 320 2618 Cum
342 2557 417 2619 duce
439 2556 537 2619 adhuc
558 2555 638 2618 ibam
659 2564 783 2636 propter
803 2556 878 2617 vada
900 2554 1017 2617 caerttla
1039 2556 1132 2634 penti,

204 2667 242 2728 Ut
263 2684 350 2745 gens,
375 2684 450 2746 quae
472 2667 632 2728 meditatur
652 2666 724 2739 iter,
747 2666 805 2728 sibi
827 2665 917 2728 corde
939 2665 1038 2728 volare

205 2777 289 2849 Visa,
313 2795 427 2855 suoque
449 2793 564 2837 moram
587 2795 647 2838 non
669 2777 781 2857 rumpit
802 2795 945 2856 corpore,
968 2783 998 2838 et
1019 2793 1090 2838 ecce

208 2885 314 2959 Qualia
332 2885 395 2965 jam
417 2886 568 2948 exoriente
591 2886 639 2948 die
661 2886 848 2966 splendentia
869 2885 972 2946 Martis

160 3015 189 3068 15
207 2997 277 3074 lgne
299 2994 407 3057 rubent
428 2996 507 3058 inter
527 2994 670 3058 densatos
692 3015 744 3058 ora
766 3013 893 3075 vapores

207 3107 268 3168 Axe
290 3104 346 3168 sub
368 3105 515 3186 Hesperio
537 3105 642 3184 liquidi
664 3123 755 3184 super
776 3123 906 3184 aequora
928 3105 1029 3184 ponti3

208 3215 280 3279 Tale
302 3215 375 3276 mibi
395 3213 496 3276 lumen
518 3215 574 3285 (sic
595 3214 654 3276 boc
675 3221 812 3294 spectare
835 3214 959 3276 facultas

208 3327 252 3388 Sit
273 3343 378 3387 rursus
387 3323 407 3401 l)
429 3325 525 3386 vuum
547 3332 594 3387 est
616 3325 799 3386 adscendere
821 3341 979 3403 permane
1002 3341 1091 3384 cursu

207 3436 281 3497 'lam
304 3436 378 3508 cito,
401 3443 432 3496 ut
454 3433 567 3496 alarum
590 3451 650 3496 non
673 3432 764 3495 ullum
788 3452 918 3512 aequare
939 3432 1065 3495 volando

157 3556 190 3607 2⁰
207 3545 372 3623 Remigium
393 3543 498 3606 valeat
544 3545 616 3607 Cum
638 3544 720 3604 visus
742 3543 812 3606 inde
834 3560 995 3622 parumper

206 3655 388 3723 Flexissom.
411 3655 509 3716 donec
530 3653 683 3716 doctorem
705 3671 800 3734 pauca
822 3669 968 3731 rogarem,

207 3765 271 3826 Hoc
294 3764 407 3841 fulgere
429 3763 619 3843 magnaldi,
642 3763 865 3826 increbrescere
887 3762 998 3844 majus:

208 3861 282 3938 Il'oin
305 3874 387 3937 stetit
408 3880 476 3936 autc
498 3873 618 3947 oculos,
640 3872 747 3954 jubare
768 3873 899 3952 undique
922 3871 1112 3945 circumfuso,

207 3984 273 4046 Albi
297 3984 430 4062 ignotum
453 3983 578 4063 aliquid,
601 3985 773 4066 sensimque
795 3983 875 4044 exire
897 3963 1033 4045 videbam

157 4106 189 4160 tt
207 4095 283 4157 Huic
306 4093 447 4174 quiddam
469 4092 567 4155 simile
591 4093 727 4156 inferius.
751 4125 791 4138 —
815 4093 879 4154 Dux
899 4092 1043 4156 hactenus
1067 4109 1118 4154 ore

209 4203 371 4275 Conticuit,
395 4203 491 4264 donec
513 4201 600 4264 nobis
622 4204 716 4282 prima
740 4202 808 4264 alba
829 4201 972 4264 videndas

209 4313 375 4376 Ostendere
397 4312 477 4387 alas3
499 4312 553 4375 sed
575 4311 626 4374 ubi
648 4311 724 4374 boue
745 4313 843 4374 navita
866 4330 970 4374 cursus

207 4425 327 4486 Arbiter
347 4423 418 4486 huic
440 4423 553 4503 patuit,
576 4422 706 4485 clamans
729 4430 776 4484 est
798 4421 866 4484 talia
889 4422 982 4483 lctus:

207 4537 282 4608 Fac,
306 4534 354 4596 iac
375 4541 533 4613 utrumque
556 4550 632 4612 genu
651 4532 772 4606 flectas,
796 4551 831 4594 ao
849 4531 967 4612 jungito
989 4538 1129 4612 utrasque
