3236 5394
574 576 768 626 INFERNORUM
785 578 871 627 xxvii.

696 861 823 943 xxvn.

267 1019 418 1075 directam
441 1031 474 1074 se
495 1013 656 1074 sustulerat
673 1014 736 1094 jam
757 1015 890 1081 flamma.
913 1015 1012 1093 quiete

227 1123 416 1202 Composita,
439 1121 563 1184 ulterius
584 1123 667 1184 sandi
689 1124 778 1184 finem
801 1143 852 1184 ore
875 1125 986 1197 datura,

225 1236 320 1313 Atque
342 1232 421 1304 ibat,
445 1231 523 1292 dulci
547 1231 624 1292 banc
645 1231 768 1294 missam
789 1233 917 1294 faciente
939 1241 1043 1312 poeta:

225 1341 324 1402 Altera
346 1343 463 1402 flamma
487 1359 573 1402 suum
597 1358 662 1402 cum
686 1350 799 1403 vertere
820 1343 932 1404 lumina
954 1343 1035 1404 visus

192 1451 269 1515 and
293 1467 384 1512 cornu
407 1451 523 1512 hortata
546 1459 609 1524 est,
632 1451 790 1512 abeuntem
812 1471 890 1531 pune
912 1464 1023 1526 secuta,

226 1559 358 1620 Consusu
380 1559 494 1633 sonitu,
519 1559 570 1639 qni
592 1559 725 1623 funditus
748 1562 934 1641 erumpebat.-

268 1669 305 1730 Ut
327 1669 446 1730 Siculus
468 1677 584 1742 taurus,
608 1669 659 1748 qui
681 1671 762 1731 luctu
783 1671 931 1750 immugiit
952 1679 1018 1734 ante

224 1777 308 1838 Illius
332 1781 432 1858 (atque
454 1779 484 1839 id
502 1780 571 1860 jure
593 1779 675 1855 ruit),
699 1780 749 1859 qui
772 1781 850 1842 bunc
872 1783 1088 1856 deneratam,

224 1888 398 1966 Edebatque
419 1888 550 1950 beminis
571 1889 707 1966 mugitus
723 1907 795 1950 voce
817 1890 955 1962 dolentis,

178 2010 208 2060 lu
224 1997 276 2070 Ut,
301 1997 434 2077 quamvis
458 2005 537 2059 totus
560 2006 711 2059 constaret
732 2017 858 2078 corpore
881 2000 985 2072 aheno,

224 2107 293 2186 lpse
315 2107 464 2168 videretur
486 2107 618 2169 cruciatu
640 2108 772 2187 percitus
794 2108 871 2170 acri:

110 2247 113 2352 l
226 2216 276 2278 Sic
298 2217 433 2277 fraudata
454 2217 501 2276 via
522 2217 693 2297 pariterque
715 2218 877 2290 foramine,
902 2219 938 2280 ab
960 2219 1038 2297 ignis

111 2355 113 2390 ι
224 2325 378 2404 Principio
400 2325 432 2386 in
452 2327 590 2387 flammae
611 2346 745 2388 murmur
766 2346 799 2388 se
821 2327 918 2389 tristia
941 2328 1029 2389 verba

111 2401 113 2449 Ι
224 2434 386 2497 Mutabant.
429 2435 466 2495 At
488 2435 538 2496 ubi
560 2437 634 2498 baec
655 2437 750 2516 apicis
771 2455 827 2516 per
847 2437 957 2498 mobile
979 2457 1103 2498 acumen

110 2455 114 2623 i
178 2551 207 2605 15
225 2546 370 2606 Invenere
391 2544 483 2616 viam,
506 2553 620 2608 motum
641 2546 785 2608 vibrantia
808 2547 944 2620 eundem,

227 2655 323 2728 Quem
344 2653 428 2734 prius
450 2654 569 2716 emissis
591 2655 716 2717 vibravit
736 2656 836 2735 lingua
858 2657 959 2730 locuti,

225 2763 306 2825 Haec
327 2783 383 2824 vox
405 2763 503 2824 audita
527 2773 586 2826 est:
611 2766 668 2838 Te,
692 2766 790 2828 verbis
813 2786 900 2847 quem
922 2767 1058 2846 alloquor
1079 2766 1154 2839 istis,

225 2874 359 2952 Namque
382 2873 470 2933 mudu
494 2893 560 2934 cum
582 2874 684 2936 Ithaco
706 2885 736 2936 te
759 2878 898 2938 nunnus
921 2877 1068 2938 estfassa
1091 2877 1218 2956 loquela,

227 2982 367 3056 Quamvis
390 2982 544 3044 adveniam
566 3003 651 3044 serus
674 2985 817 3059 fortasse,
840 2987 950 3047 murari

176 3102 208 3152 ao
225 3093 292 3154 Non
314 3093 428 3172 pigeat,
450 3111 625 3172 mecumque
647 3071 739 3173 loqui.
783 3097 873 3157 Potes
895 3095 961 3175 ipse
983 3095 1093 3168 videre,

225 3204 263 3265 Ut
283 3221 330 3263 me
354 3221 413 3262 nnn
435 3201 554 3281 pigeat3
578 3221 757 3282 quamquam
778 3204 828 3265 bic
849 3223 897 3266 me
919 3207 1035 3266 flamma
1058 3205 1181 3283 perurit.

225 3313 265 3376 st
280 3313 369 3374 medo
392 3311 423 3372 in
445 3311 519 3372 baec
540 3319 572 3372 tu
593 3331 684 3390 regna
705 3313 768 3374 ruis
791 3313 917 3391 caligine
940 3333 1039 3387 coeca,

224 3423 267 3482 Ex
289 3421 339 3482 illa
360 3420 439 3482 dulci
460 3421 562 3500 lapsus
583 3422 689 3483 tellure
709 3422 823 3495 Latina,

224 3531 309 3593 Unde
331 3549 386 3608 ego
410 3537 575 3592 transactae
596 3530 673 3592 vitae
696 3533 759 3592 feru
782 3530 906 3593 crimina
929 3540 1049 3606 cuncta3

176 3652 208 3706 ab
225 3641 279 3704 Dic
301 3639 393 3712 mibi,
415 3657 486 3702 num
506 3639 656 3703 numerare
677 3641 781 3722 popuii
802 3642 891 3705 modu
915 3642 1069 3702 commoda
1090 3642 1182 3721 pecie,

225 3750 269 3812 dn
292 3749 403 3810 bellum
424 3758 569 3828 spectent.
612 3751 721 3812 Fateor
740 3770 788 3813 me
811 3751 842 3812 iu
863 3751 1015 3814 mentibus
1038 3760 1133 3812 ortum

224 3858 330 3922 Urbini
352 3859 426 3920 fines
449 3858 526 3920 intra
547 3859 691 3942 rupisque
712 3879 860 3934 recessus,

225 3969 310 4031 Unde
331 3968 398 4028 flrrit
418 3967 529 4030 Tibris.
550 4001 592 4012 -—
613 3969 713 4032 Prono
735 3977 796 4032 tum
818 3989 944 4050 corpure
965 3969 1080 4031 stabam

226 4079 376 4154 intentus,
400 4097 469 4140 cum
488 4097 536 4141 me
558 4077 675 4140 fodiens
698 4080 757 4140 dux
777 4079 885 4150 talibus
906 4079 987 4142 iniit:

179 4195 211 4246 ³⁰
228 4185 274 4250 Tu
294 4187 434 4266 inquere,
457 4206 493 4251 ex
512 4187 598 4250 Latio
622 4196 677 4250 est.
720 4189 800 4266 Ego,
823 4190 1006 4269 respondere
1028 4199 1148 4270 paratus

226 4297 326 4370 illico,
348 4295 393 4358 sic
415 4296 491 4364 solvi
514 4296 754 4360 celeresvuces:
776 4297 897 4372 Anima,
919 4297 987 4360 istis

225 4407 333 4468 Abdita
355 4405 411 4468 sub
432 4406 569 4481 latebris,
593 4417 643 4468 tua
664 4407 755 4470 nullut
770 4416 901 4488 tempore
925 4415 1003 4470 terra

224 4516 282 4578 dut
303 4523 400 4590 caret,
424 4523 475 4578 aut
496 4515 592 4578 caruit
612 4515 715 4590 bellis,
740 4537 816 4597 quae
838 4519 927 4580 corde
949 4519 1065 4598 tyranni
