3214 5400
587 521 769 574 PURGATORH
787 521 866 572 ΧΥΙΙΙ.

212 745 246 805 ln
270 763 319 818 se3
342 749 373 804 at
396 761 463 804 cera
486 741 557 802 lieet
576 739 656 801 buna
679 740 727 813 sit,
751 759 811 802 non
834 740 933 802 omnia
954 739 1040 819 signa

164 863 196 916 35
212 855 287 916 Esse
309 841 410 915 tamen
430 851 509 913 hona
528 849 656 930 jurabis.
678 883 720 894 -
743 850 805 912 Tua
828 850 917 912 verba
937 868 1096 930 meumque

213 964 368 1042 Ingenium
392 979 452 1022 nnn
475 978 605 1041 unquam
628 959 731 1021 abiens
753 960 882 1022 docuere
904 968 1067 1038 rogantem,

215 1073 293 1147 Quid
316 1073 356 1134 sit
378 1089 472 1142 amor,
495 1070 564 1130 dixi.
608 1069 717 1131 Verum
738 1078 788 1132 tua
809 1069 886 1131 dicta
907 1069 1079 1148 relinquunt

213 1184 260 1244 Me
282 1182 376 1260 magis
398 1181 561 1254 incertum3
583 1180 725 1259 quoniam
747 1180 773 1241 si
795 1179 923 1242 extraria
943 1197 1075 1241 amorem

215 1292 370 1373 ijiciunt
392 1290 480 1352 uobis
502 1290 678 1368 animusque
700 1289 758 1350 alin
780 1289 858 1369 pede
879 1289 975 1350 nescit

166 1407 198 1459 40
214 1404 353 1479 Pergere
377 1419 432 1462 seu
455 1399 555 1460 dextra
578 1398 696 1461 incedat
718 1399 779 1460 sive
801 1398 850 1460 ille
873 1398 1002 1471 sinistre,

215 1513 252 1575 Et
274 1511 360 1591 culpa
383 1517 467 1572 vacat
488 1517 517 1572 et
537 1507 655 1570 merito.
679 1539 718 1550 —
742 1508 826 1569 Tunc
848 1509 971 1588 insuper
991 1507 1058 1569 itte:
1112 1567 1115 1574 .

216 1622 300 1696 Quae
322 1621 402 1683 videt
423 1619 579 1692 hieratio,
601 1637 726 1698 pessum
747 1618 801 1678 tibi
824 1617 934 1690 dicere,
957 1625 986 1678 et
1008 1618 1075 1679 exin

216 1733 332 1805 Quaere
353 1731 534 1801 Bmanrcnrr,
557 1729 628 1790 fidei
651 1746 725 1807 qnae
748 1728 883 1806 dogmata
906 1727 1001 1790 callet.

258 1841 386 1915 Quaevis
411 1841 515 1911 torma,
538 1857 592 1900 sua
614 1855 690 1918 quae
713 1846 772 1900 stat
792 1857 825 1898 re
847 1839 992 1916 praedita,
1016 1857 1151 1918 quaeque

167 1955 199 2009 45
216 1951 302 2012 Secta
325 1969 341 2012 a
364 1950 487 2012 materia
509 1958 564 2021 est,
587 1957 674 2028 atque
696 1947 767 2009 huic
788 1967 822 2008 se
841 1948 989 2028 jungitet
1009 1948 1121 2022 haeret,

215 2061 359 2122 Virtutem
381 2060 516 2139 amplexa
539 2070 586 2120 est
607 2057 768 2138 propriam,
791 2077 867 2137 quae
889 2057 1014 2135 contigit
1034 2058 1086 2119 uni

216 2171 391 2249 lngcnerata
413 2169 481 2243 sibi,
504 2187 580 2249 quae
603 2168 629 2230 si
651 2187 711 2228 unu
733 2167 792 2228 exit
813 2168 844 2228 in
867 2175 974 2240 actum,

215 2281 281 2343 Nun
304 2280 369 2360 quit
390 2279 494 2341 sentiri
516 2287 556 2352 ct,
578 2278 637 2340 nisi
658 2295 714 2359 per
735 2295 810 2356 quae
832 2279 908 2338 facta
930 2284 1096 2357 patescunt,

216 2391 282 2452 Non
305 2387 648 2462 demonstraremus
670 2407 702 2449 se
725 2388 822 2449 vivere
843 2387 944 2466 planta

169 2504 201 2558 5⁰
215 2499 283 2562 Non
305 2499 365 2560 nisi
386 2517 443 2579 per
462 2497 573 2560 virides
595 2497 718 2558 frondes
741 2497 899 2560 estendere
920 2505 1034 2576 posset.

260 2611 360 2684 Quare
381 2609 516 2669 mortalis
540 2608 645 2680 nescit,
669 2625 727 2687 qua
749 2607 786 2668 ab
809 2607 922 2685 origine
943 2608 1036 2670 menti

215 2720 333 2782 Primae
355 2719 478 2779 notitiae
499 2725 667 2790 occursent,
690 2735 748 2779 nec
770 2736 827 2797 qua
848 2716 897 2778 illa
921 2717 1029 2797 cupido
1068 2794 1074 2809 1

215 2829 467 2908 Blandenonne,
490 2846 566 2907 quae
586 2827 683 2906 prima
706 2827 804 2889 animo
828 2827 994 2907 exoptanda
1014 2835 1179 2901 recursant,

217 2939 361 3019 Quaeque
384 2937 487 2999 insunt
508 2936 607 3010 nobis,
631 2938 708 3002 sicut
730 2937 868 3000 flaventia
889 2937 977 2999 mella

168 3049 353 3129 destinandi
377 3047 508 3108 studium
529 3056 577 3109 est
599 3046 721 3126 apibus}
743 3065 845 3109 rerum
867 3046 916 3108 illa
938 3046 1031 3108 iibido

216 3160 318 3221 Prima
341 3165 422 3220 caret
442 3157 559 3231 meritc,
583 3175 640 3220 nec
660 3156 748 3218 nobis
771 3156 901 3218 dedecus
923 3156 1023 3217 infert.

217 3269 303 3330 Nunc
324 3268 370 3328 ris
391 3267 491 3328 innata
513 3276 560 3328 cst
581 3266 704 3339 homini,
728 3255 775 3327 cui
798 3264 921 3345 quilibet
942 3266 1016 3327 alter

218 3379 293 3440 Sese
315 3395 398 3438 amer
420 3377 579 3438 adveniens
600 3375 812 3447 accommodat,
836 3383 866 3436 et
887 3373 974 3436 datur
994 3374 1053 3454 ipsi

218 3486 382 3550 Consulere
405 3493 492 3567 atque
514 3494 616 3548 tenere
638 3505 780 3548 assensus
802 3484 903 3546 limina
923 3483 1031 3564 prima,

170 3599 202 3653 td
260 3597 305 3658 Ex
325 3596 384 3656 hnc
406 3597 554 3676 principie
576 3597 713 3676 procedit
735 3613 841 3656 caussa
863 3593 1007 3668 merendi,

218 3707 312 3769 Prcut
332 3706 418 3780 bene,
440 3705 487 3768 vel
508 3705 584 3770 male
604 3706 778 3787 progenitos
801 3705 930 3768 admittit
950 3706 1067 3766 amdres
1126 3741 1133 3758 ·

217 3817 256 3878 Et
279 3816 392 3878 cernit‘
426 3816 525 3878 Virtus
546 3816 620 3879 haec
641 3816 745 3890 libera,
767 3825 797 3878 ct
817 3815 906 3878 insita
926 3814 1018 3876 uubis

217 3927 338 3999 Natura,
361 3925 581 4006 patuitdoctis,
606 3927 656 4006 qui
678 3926 828 4007 inquirere
851 3933 994 3998 amarunt,

220 4035 303 4109 Quae
327 4035 366 4098 sit
386 4053 491 4097 norma
511 4035 583 4097 boni
604 4035 707 4110 moris,
731 4035 802 4118 quid
824 4043 931 4116 poscat
950 4035 1102 4096 honestas.
1196 4112 1201 4121 Ι

171 4150 203 4206 tta
220 4146 319 4220 Quare
342 4145 456 4218 demus,
479 4163 579 4206 amore
600 4144 738 4208 hemines
760 4163 822 4208 nnn
841 4163 935 4225 ,posse
958 4161 1069 4217 carere,
1157 4193 1160 4200 i

219 4255 302 4316 Intus
325 4254 376 4334 qui
399 4254 539 4333 exsurgit,
561 4254 651 4316 veluti
673 4256 713 4317 sit
733 4273 831 4318 amare
852 4273 989 4328 necesse,

220 4365 347 4445 Semper
368 4364 447 4426 inest
468 4363 553 4426 rubis
575 4363 659 4426 iilum
680 4366 808 4429 retinere
830 4372 973 4444 potestas

220 4475 281 4538 Ista
302 4472 443 4538 Buarmcr
466 4473 559 4536 virtus
580 4475 735 4555 praeclara
756 4475 872 4538 uidetur
