3282 5404
629 509 764 576 enpnnrsr
781 512 827 562 xx.

227 727 336 800 Insula,
359 725 411 788 uhi
432 726 573 790 Anchisie
594 727 704 790 cecidit
723 727 866 807 longaeva
887 736 1037 792 senectus.

226 835 322 916 thue
345 835 419 898 satis
440 843 549 914 pateat,
573 853 660 917 quam
684 837 817 900 sitieris
839 837 896 902 iste
917 838 1077 920 miserque,

226 946 389 1010 Truncabit
411 946 562 1026 Scriptura
581 942 686 1021 'nctas‚
710 965 785 1028 quae
806 948 1070 1012 muita'dccebunt

226 1057 339 1136 Eximio
361 1056 393 1118 in
408 1056 523 1135 spatie.
567 1056 606 1118 m
626 1056 724 1137 patmi
746 1058 907 1138 fratrisque
929 1058 1057 1120 nefanda

163 1175 211 1228 1³⁰
226 1167 315 1228 Facta
338 1163 533 1246 apparebunt,
555 1183 611 1245 per
631 1184 707 1245 ques
729 1175 789 1228 tam
811 1175 933 1230 strenua
954 1168 1059 1248 pubes,

226 1277 322 1357 Atque
344 1293 454 1338 curcua
477 1275 585 1355 duplex
607 1275 631 1336 it
653 1293 718 1338 cum
740 1294 830 1355 grege
853 1295 1055 1342 carrucarum.

227 1386 347 1464 Quique
369 1385 450 1462 Tago
473 1395 520 1446 est
539 1403 601 1458 rex,
625 1386 736 1466 quique
756 1386 848 1449 Daris
871 1387 922 1448 dat
939 1388 1026 1468 jussa
1046 1395 1194 1467 precene,

227 1496 345 1576 Quique
366 1494 428 1574 typi
449 1494 553 1558 Veneti
575 1494 725 1557 simulavit
745 1495 851 1558 fraude
871 1497 1022 1558 numisma
1120 1501 1125 1516 '

225 1605 369 1686 Illyricum
392 1613 555 1668 noscentur
576 1604 628 1668 ibi.
671 1604 826 1668 Pannonia
847 1605 928 1680 felix,

163 1717 209 1770 135
226 1715 258 1776 Si
283 1715 401 1796 qnando
423 1715 548 1776 ulterius
568 1721 722 1776 vexantem
743 1714 822 1776 terre
843 1715 976 1780 recuset!

227 1826 251 1888 0
274 1825 355 1898 felix,
378 1825 414 1899 si,
438 1843 496 1904 quc
518 1823 721 1903 praecingitur
741 1825 883 1905 undique,
905 1834 1007 1888 mente

225 1935 300 1998 Sese
321 1934 451 1996 Navarra
473 1931 617 1996 armaret!
641 1933 693 1998 Sic
714 1934 836 1996 credere
858 1934 978 2012 dignum
1001 1944 1064 2012 est3

224 2045 290 2108 lice
311 2043 422 2106 etenim
444 2041 550 2106 didicit
569 2043 630 2123 jam
651 2043 858 2121 Famaugnsta,
881 2044 1031 2126 simulque

224 2154 346 2215 Niecsia
369 2153 400 2214 in
422 2170 522 2232 regem
544 2153 690 2232 pecudem
712 2153 898 2232 queribunda
920 2163 1064 2230 susurrat,

163 2276 209 2330 ltu
227 2263 295 2339 Qui,
318 2264 388 2326 dnm
410 2263 484 2326 alias
505 2263 642 2342 sequitur
661 2262 802 2344 pecudes,
825 2264 968 2326 excedere
989 2266 1096 2328 nescit.

720 2521 789 2607 XX.

271 2705 379 2778 Quum,
400 2704 452 2783 qui
474 2711 620 2766 terrarum
640 2703 767 2766 dammis
789 2721 880 2783 opera
902 2703 1002 2766 emnia
1022 2703 1137 2780 lustrat,

224 2815 333 2878 Nostro
355 2814 533 2894 praecipitat
554 2813 711 2886 semiorbe,
734 2813 874 2892 nitorque
896 2813 957 2876 diei

225 2925 362 3005 Undique
384 2923 548 2993 conficitur,
571 2923 622 3002 qui
644 2924 747 2986 aether
768 2925 972 2986 tantummode
993 2924 1031 2988 ab
1052 2924 1120 3006 ipse

225 3034 355 3114 ignescit
376 3033 515 3114 primum,
537 3033 695 3096 multarum
717 3032 828 3095 lumine
848 3033 958 3106 lucum,

191 3147 259 3214 uln
282 3162 354 3225 quas
376 3161 435 3205 una
453 3142 542 3224 jubar
563 3141 669 3215 tundit,
692 3150 832 3204 renovata
852 3148 977 3221 repente

226 3255 365 3318 Ostendit
386 3255 510 3327 decera;
533 3260 622 3331 atque
642 3251 717 3312 mihi
738 3251 813 3312 haec
834 3250 982 3314 succurrit
1002 3251 1100 3330 image

224 3364 370 3438 Aetheris,
394 3371 427 3424 ut
446 3363 549 3426 muudi
571 3369 602 3424 et
623 3361 779 3424 ductorum
800 3359 917 3440 insigne
940 3379 1061 3422 sucrum

225 3476 258 3538 ln
282 3482 385 3538 sancte
409 3474 500 3536 tacuit
520 3481 628 3534 rostro.
671 3471 744 3534 Nam
768 3470 881 3551 spicula
903 3470 968 3532 viva

226 3585 434 3666 Splendcrum‚
456 3583 551 3662 magia
572 3589 660 3662 atque
682 3581 777 3658 magis
798 3581 989 3655 flammantis,
1011 3587 1115 3644 cantus

177 3711 210 3763 lu
226 3673 396 3775 Coeperunt
414 3693 489 3756 mihi
510 3711 565 3772 pro
587 3691 696 3755 mentis
716 3692 824 3753 virute
846 3691 984 3754 caducus.

266 3804 368 3868 Dulcis
389 3804 490 3877 Amor,
513 3803 592 3864 dulci
615 3821 703 3882 quem
724 3801 814 3864 vestit
835 3801 928 3879 gloria
949 3801 1023 3875 risu,

225 3917 360 3990 Quantus
382 3913 529 3976 crusillis
551 3913 667 3975 medius
689 3911 855 3990 fulgoribus
876 3910 994 3984 ardens,

226 4026 318 4100 Queis
339 4042 417 4088 unus
439 4031 560 4086 sanctes
583 4021 729 4086 subdebat
749 4021 871 4102 spiritus
893 4019 1006 4084 aestus!

194 4119 202 4132 ⁸
224 4137 428 4215 Posteaquam·
446 4132 506 4196 cari
527 4133 721 4212 lucentesque
743 4130 811 4210 igne
833 4130 935 4211 lapidi,

176 4251 207 4318 15
226 4246 318 4320 Queis
341 4253 455 4307 sextum
476 4243 538 4306 vidi
559 4250 737 4322 gemmatum
758 4241 870 4320 fulgere
891 4241 1000 4315 lumen,

223 4355 373 4434 Angelicis
392 4355 506 4434 pariter
527 4353 627 4418 iecere
648 4351 767 4414 silentia
788 4351 906 4430 lingniis,

223 4465 327 4528 Amnis
349 4483 404 4544 ege
427 4465 557 4528 scnitum
577 4461 668 4526 ricini
690 4461 793 4524 audire
813 4460 945 4538 videbar,

609 4663 715 4676 -,-...-
