3236 5394
363 543 419 606 114
788 544 982 598 tnrsnudaun
999 547 1064 596 XXX.

423 764 576 825 Nrcoeeun
599 764 707 837 moris,
730 764 860 844 primum
882 764 931 844 qui
954 764 1101 826 invenerit
1121 764 1250 838 hortem,

424 874 477 935 Cui
500 857 678 953 caryupbylli
700 874 889 936 beneolentia
911 873 1026 936 semina
1048 873 1224 948 edbeerent;

423 983 533 1063 Excipe
556 991 733 1054 conventus,
755 983 806 1046 ubi
829 983 944 1046 consita
967 982 1075 1044 vitibus
1097 1002 1165 1046 arva
1272 970 1275 976 ’

423 1094 654 1154 Xscnuousnsrs
676 1093 820 1173 dispersit
841 1093 963 1165 Cacum,
988 1098 1018 1154 et
1039 1093 1144 1171 urgens

357 1209 404 1262 125
422 1201 632 1263 Frondifernm
654 1221 773 1275 nemus,
796 1202 898 1281 etqui
921 1201 1040 1274 effudit,
1063 1203 1204 1282 prodigus
1227 1203 1300 1276 anri,

423 1311 574 1391 Quidquid
599 1311 717 1373 consilii
740 1308 824 1392 prius
846 1313 1050 1374 Xansmmnus
1073 1312 1212 1374 babebat

422 1421 518 1500 thue
539 1420 632 1492 scias,
657 1421 707 1500 qni
729 1429 758 1482 tc
781 1428 963 1500 spectantem
986 1431 1085 1482 mente
1108 1421 1258 1484 Senonees

411 1530 552 1594 ,Adversa
574 1529 619 1591 sic
641 1531 750 1592 anxilio
769 1531 868 1612 juret,
892 1529 1025 1609 inspice,
1049 1538 1079 1592 et
1100 1549 1152 1592 ora

421 1640 479 1701 Fac
500 1639 576 1700 bene
598 1648 779 1719 responsent
799 1639 854 1702 tibi
875 1647 992 1712 nostra,
1016 1647 1046 1700 et
1068 1640 1150 1704 disce
1172 1641 1298 1704 Cnroccr

357 1754 405 1806 13⁰
421 1749 560 1812 Umbram
583 1756 646 1811 arte
668 1749 838 1829 Alchymiae
861 1750 940 1812 docti
962 1748 1067 1812 vitiare
1089 1750 1223 1824 metalla3

421 1859 458 1920 Et
480 1858 653 1922 meminisse
675 1865 778 1938 potes,
802 1859 828 1920 si
852 1866 880 1920 te
902 1859 978 1922 bene
1000 1860 1112 1922 lumine
1134 1860 1238 1934 lustro,

423 1969 518 2042 Quam
540 1969 615 2030 bene
639 1977 760 2030 naturae
783 1968 939 2030 simulator
960 1968 1065 2032 simius
1088 1989 1195 2032 essem.

902 2229 1000 2311 XXX.

465 2409 537 2470 Cum
557 2410 636 2470 luno
659 2408 696 2470 ob
720 2408 858 2502 Semelen
880 2408 949 2469 odio
972 2406 1144 2486 indulgebat
1165 2405 1273 2468 acerbo

424 2519 526 2580 Gentis
549 2519 580 2579 in
604 2537 690 2578 omne
713 2535 805 2596 genus
828 2517 970 2580 Thebano
993 2517 1136 2596 sanguine
1159 2524 1266 2588 cretae,

423 2629 509 2701 Quod
532 2627 638 2701 semel,
662 2634 750 2705 atque
772 2627 880 2690 iterum
902 2627 1052 2701 ostendit;
1075 2626 1230 2690 furialibus
1253 2634 1339 2688 actus

421 2739 475 2798 Est
498 2738 571 2799 adeo
594 2737 722 2798 stimulis
744 2738 898 2810 Athamas,
922 2748 955 2798 ut
976 2736 1102 2816 conjuge
1123 2737 1196 2809 visa,

389 2849 506 2920 50nac
528 2857 627 2920 natos,
650 2854 792 2926 utrasque
813 2866 919 2910 manus
942 2853 1079 2919 onerata,
1100 2846 1244 2918 trahebat,
1331 2903 1334 2912 .

423 2957 614 3018 Exclamarit:
638 2958 684 3028 lo,
708 2957 864 3019 tendamus
886 2957 962 3019 retia
984 2956 1076 3029 silvis,

423 3068 460 3128 Ut
481 3078 551 3146 post
572 3066 697 3128 insidias
720 3067 837 3144 gemina
859 3083 925 3128 eum
947 3065 1030 3146 prole
1051 3065 1183 3128 leaenam

422 3177 579 3238 Prendam.
623 3176 736 3238 Deinde
759 3177 838 3238 leros
861 3194 974 3254 ungues
995 3175 1162 3255 protendit,
1185 3185 1214 3239 et
1235 3195 1337 3249 sinum,

423 3287 549 3347 Nomine
572 3305 659 3365 quem
681 3286 804 3366 proprio
827 3286 1041 3366 compellarem
1062 3285 1235 3358 Learchum,

375 3405 406 3456 ιο
424 3396 589 3475 Corripuit,
613 3397 752 3474 circaque
775 3402 863 3474 capnt
885 3395 933 3456 bis
954 3403 1059 3475 terque
1080 3401 1210 3460 rotatum

422 3505 466 3567 lo
489 3524 590 3566 sanum
613 3505 719 3566 allisit:
742 3505 856 3584 reliquo
880 3512 998 3567 etcum
1021 3505 1152 3584 pondere
1174 3523 1241 3568 sese

424 3615 530 3676 Obruit
553 3615 603 3675 illa
624 3606 709 3676 mari.
752 3615 790 3676 Et
812 3622 917 3676 cuncta
939 3633 1022 3686 ausa,
1047 3615 1187 3694 ausisque
1208 3615 1302 3694 potita

425 3726 498 3786 Cum
519 3726 638 3786 fortuna
658 3724 805 3802 Phrygum
828 3723 929 3803 coepit
949 3723 1090 3804 sublapsa
1110 3725 1225 3797 referri,

424 3835 462 3896 Ut
483 3853 606 3912 regnum
629 3843 658 3896 et
679 3849 778 3910 regem
801 3833 944 3895 deleverit
966 3853 1024 3896 una
1044 3834 1145 3908 ruina3

377 3955 407 4008 15
425 3944 548 4016 Tristis,
573 3946 676 4024 inops,
698 3944 826 4022 praedae
848 3943 925 4004 mala
947 3963 1014 4006 sors
1037 3944 1164 4017 Cisseis,
1187 3944 1238 4008 ubi
1262 3963 1330 4006 ares

425 4053 525 4123 Caede¹
542 4054 701 4133 Polyxenia
722 4072 876 4132 respersas
898 4052 985 4124 vidit,
1009 4062 1038 4114 et
1060 4053 1122 4116 ictu

426 4163 563 4224 Telorum
586 4163 730 4224 exanimis
751 4162 890 4242 Polydori
913 4161 945 4224 in
965 4162 1065 4226 littore
1087 4182 1206 4244 corpus,

426 4277 497 4333 Acta
520 4274 620 4356 lurore
643 4273 725 4334 dedit
745 4273 869 4340 latratum
892 4291 944 4334 ore
967 4273 1091 4334 caninos

426 4382 484 4443 Pro
506 4383 622 4458 verbis;
642 4389 745 4444 tantus
764 4391 894 4444 mentem
916 4381 1094 4446 distorserat
1115 4397 1217 4461 angor.

375 4502 408 4552 so
468 4492 526 4553 Sed
549 4511 646 4588 neque
668 4491 840 4564 Thebanae,
860 4509 960 4570 ,neque
982 4493 1109 4558 Troieae
1128 4493 1275 4572 Erinyes
1294 4509 1420 4572 nequem
