<?xml version="1.0" encoding="UTF-8"?>
<!DOCTYPE html PUBLIC "-//W3C//DTD XHTML 1.0 Transitional//EN"
    "http://www.w3.org/TR/xhtml1/DTD/xhtml1-transitional.dtd">
<html xmlns="http://www.w3.org/1999/xhtml" xml:lang="en" lang="en">
 <head>
  <title>
</title>
<meta http-equiv="Content-Type" content="text/html;charset=utf-8" />
  <meta name='ocr-system' content='tesseract 3.04.00' />
  <meta name='ocr-capabilities' content='ocr_page ocr_carea ocr_par ocr_line ocrx_word'/>
</head>
<body>
  <div class='ocr_page' id='page_1' title='image "./divinacomoedia01piazgoog_0282.png"; bbox 0 0 3234 5396; ppageno 0'>
   <div class='ocr_carea' id='block_1_1' title="bbox 589 523 873 581">
    <p class='ocr_par' dir='ltr' id='par_1_1' title="bbox 589 523 873 581">
     <span class='ocr_line' id='line_1_1' title="bbox 589 523 873 581; baseline -0.004 0"><span class='ocrx_word' id='word_1_1' title='bbox 589 523 774 581; x_wconf 77' lang='lat' dir='ltr'>Punuti‘cuu</span> <span class='ocrx_word' id='word_1_2' title='bbox 792 530 873 581; x_wconf 81' lang='lat' dir='ltr'>xxtss.</span> 
     </span>
    </p>
   </div>
   <div class='ocr_carea' id='block_1_2' title="bbox 164 747 1287 4447">
    <p class='ocr_par' dir='ltr' id='par_1_2' title="bbox 212 747 996 827">
     <span class='ocr_line' id='line_1_2' title="bbox 212 747 996 827; baseline 0 -17"><span class='ocrx_word' id='word_1_3' title='bbox 212 748 351 811; x_wconf 79' lang='lat' dir='ltr'><strong>Forsitan</strong></span> <span class='ocrx_word' id='word_1_4' title='bbox 373 756 405 810; x_wconf 88' lang='lat' dir='ltr'>ut</span> <span class='ocrx_word' id='word_1_5' title='bbox 427 749 550 822; x_wconf 85' lang='lat' dir='ltr'>solvant,</span> <span class='ocrx_word' id='word_1_6' title='bbox 574 766 648 827; x_wconf 87' lang='lat' dir='ltr'>quae</span> <span class='ocrx_word' id='word_1_7' title='bbox 670 767 703 810; x_wconf 88' lang='lat' dir='ltr'>se</span> <span class='ocrx_word' id='word_1_8' title='bbox 725 747 835 810; x_wconf 86' lang='lat' dir='ltr'>debere</span> <span class='ocrx_word' id='word_1_9' title='bbox 858 750 996 810; x_wconf 83' lang='lat' dir='ltr'>intentur.</span> 
     </span>
    </p>

    <p class='ocr_par' dir='ltr' id='par_1_3' title="bbox 167 858 1065 1040">
     <span class='ocr_line' id='line_1_3' title="bbox 215 858 1045 946; baseline 0 -26"><span class='ocrx_word' id='word_1_10' title='bbox 215 859 258 932; x_wconf 91' lang='lat' dir='ltr'>Ut,</span> <span class='ocrx_word' id='word_1_11' title='bbox 283 858 334 939; x_wconf 92' lang='lat' dir='ltr'>qui</span> <span class='ocrx_word' id='word_1_12' title='bbox 355 859 433 920; x_wconf 91' lang='lat' dir='ltr'>haud</span> <span class='ocrx_word' id='word_1_13' title='bbox 455 865 599 938; x_wconf 83' lang='lat' dir='ltr'>expertes.</span> <span class='ocrx_word' id='word_1_14' title='bbox 616 875 752 946; x_wconf 82' lang='lat' dir='ltr'>curarum</span> <span class='ocrx_word' id='word_1_15' title='bbox 774 877 829 936; x_wconf 92' lang='lat' dir='ltr'>per</span> <span class='ocrx_word' id='word_1_16' title='bbox 850 859 915 920; x_wconf 82' lang='lat' dir='ltr'>loca</span> <span class='ocrx_word' id='word_1_17' title='bbox 936 859 1045 920; x_wconf 88' lang='lat' dir='ltr'>radunt</span> 
     </span>
     <span class='ocr_line' id='line_1_4' title="bbox 167 967 1065 1040; baseline -0.001 -10"><span class='ocrx_word' id='word_1_18' title='bbox 167 969 328 1040; x_wconf 72' lang='lat' dir='ltr'>rasuera,</span> <span class='ocrx_word' id='word_1_19' title='bbox 352 975 422 1029; x_wconf 88' lang='lat' dir='ltr'>sunt</span> <span class='ocrx_word' id='word_1_20' title='bbox 443 967 531 1039; x_wconf 90' lang='lat' dir='ltr'>soliti,</span> <span class='ocrx_word' id='word_1_21' title='bbox 554 967 631 1029; x_wconf 94' lang='lat' dir='ltr'>baud</span> <span class='ocrx_word' id='word_1_22' title='bbox 655 975 726 1028; x_wconf 88' lang='lat' dir='ltr'>nota</span> <span class='ocrx_word' id='word_1_23' title='bbox 747 967 919 1029; x_wconf 87' lang='lat' dir='ltr'>adventante</span> <span class='ocrx_word' id='word_1_24' title='bbox 942 976 1065 1040; x_wconf 84' lang='lat' dir='ltr'>caterva,</span> 
     </span>
    </p>

    <p class='ocr_par' dir='ltr' id='par_1_4' title="bbox 215 1077 1107 1157">
     <span class='ocr_line' id='line_1_5' title="bbox 215 1077 1107 1157; baseline 0 -18"><span class='ocrx_word' id='word_1_25' title='bbox 215 1077 283 1151; x_wconf 83' lang='lat' dir='ltr'>Qui,</span> <span class='ocrx_word' id='word_1_26' title='bbox 306 1077 377 1138; x_wconf 93' lang='lat' dir='ltr'>dum</span> <span class='ocrx_word' id='word_1_27' title='bbox 397 1084 597 1157; x_wconf 84' lang='lat' dir='ltr'>praetereunt,</span> <span class='ocrx_word' id='word_1_28' title='bbox 620 1077 797 1138; x_wconf 87' lang='lat' dir='ltr'>transversis</span> <span class='ocrx_word' id='word_1_29' title='bbox 820 1096 968 1157; x_wconf 89' lang='lat' dir='ltr'>quemque</span> <span class='ocrx_word' id='word_1_30' title='bbox 987 1086 1107 1139; x_wconf 88' lang='lat' dir='ltr'>tuentur</span> 
     </span>
    </p>

    <p class='ocr_par' dir='ltr' id='par_1_5' title="bbox 213 1186 976 1260">
     <span class='ocr_line' id='line_1_6' title="bbox 213 1186 976 1260; baseline 0 -12"><span class='ocrx_word' id='word_1_31' title='bbox 213 1186 399 1260; x_wconf 90' lang='lat' dir='ltr'>Luminibus,</span> <span class='ocrx_word' id='word_1_32' title='bbox 422 1204 479 1246; x_wconf 87' lang='lat' dir='ltr'>nec</span> <span class='ocrx_word' id='word_1_33' title='bbox 501 1193 595 1260; x_wconf 86' lang='lat' dir='ltr'>stant;</span> <span class='ocrx_word' id='word_1_34' title='bbox 618 1187 662 1247; x_wconf 90' lang='lat' dir='ltr'>sic</span> <span class='ocrx_word' id='word_1_35' title='bbox 684 1186 722 1247; x_wconf 93' lang='lat' dir='ltr'>ad</span> <span class='ocrx_word' id='word_1_36' title='bbox 744 1205 800 1246; x_wconf 92' lang='lat' dir='ltr'>nos</span> <span class='ocrx_word' id='word_1_37' title='bbox 822 1187 905 1248; x_wconf 90' lang='lat' dir='ltr'>ocius</span> <span class='ocrx_word' id='word_1_38' title='bbox 926 1187 976 1248; x_wconf 93' lang='lat' dir='ltr'>illa</span> 
     </span>
    </p>

    <p class='ocr_par' dir='ltr' id='par_1_6' title="bbox 213 1295 1017 1376">
     <span class='ocr_line' id='line_1_7' title="bbox 213 1295 1017 1376; baseline 0.001 -19"><span class='ocrx_word' id='word_1_39' title='bbox 213 1296 381 1357; x_wconf 79' lang='lat' dir='ltr'>Adveniens</span> <span class='ocrx_word' id='word_1_40' title='bbox 403 1295 566 1375; x_wconf 88' lang='lat' dir='ltr'>abiensque</span> <span class='ocrx_word' id='word_1_41' title='bbox 589 1295 752 1357; x_wconf 90' lang='lat' dir='ltr'>animarum</span> <span class='ocrx_word' id='word_1_42' title='bbox 776 1295 859 1358; x_wconf 92' lang='lat' dir='ltr'>turba</span> <span class='ocrx_word' id='word_1_43' title='bbox 881 1295 1017 1376; x_wconf 79' lang='lat' dir='ltr'>stupebat</span> 
     </span>
    </p>

    <p class='ocr_par' dir='ltr' id='par_1_7' title="bbox 214 1404 1132 1485">
     <span class='ocr_line' id='line_1_8' title="bbox 214 1404 1132 1485; baseline 0.002 -19"><span class='ocrx_word' id='word_1_44' title='bbox 214 1405 299 1467; x_wconf 86' lang='lat' dir='ltr'>Haud</span> <span class='ocrx_word' id='word_1_45' title='bbox 320 1405 442 1466; x_wconf 82' lang='lat' dir='ltr'>hiscens</span> <span class='ocrx_word' id='word_1_46' title='bbox 464 1404 625 1484; x_wconf 89' lang='lat' dir='ltr'>habituque</span> <span class='ocrx_word' id='word_1_47' title='bbox 646 1405 706 1485; x_wconf 91' lang='lat' dir='ltr'>pia.</span> <span class='ocrx_word' id='word_1_48' title='bbox 748 1404 802 1465; x_wconf 90' lang='lat' dir='ltr'>His</span> <span class='ocrx_word' id='word_1_49' title='bbox 826 1421 894 1466; x_wconf 90' lang='lat' dir='ltr'>cava</span> <span class='ocrx_word' id='word_1_50' title='bbox 916 1404 1026 1468; x_wconf 89' lang='lat' dir='ltr'>lumina</span> <span class='ocrx_word' id='word_1_51' title='bbox 1048 1413 1132 1479; x_wconf 87' lang='lat' dir='ltr'>tetra,</span> 
     </span>
    </p>

    <p class='ocr_par' dir='ltr' id='par_1_8' title="bbox 164 1514 988 1594">
     <span class='ocr_line' id='line_1_9' title="bbox 164 1514 988 1594; baseline -0.005 -14"><span class='ocrx_word' id='word_1_52' title='bbox 164 1529 198 1580; x_wconf 82' lang='lat'>20</span> <span class='ocrx_word' id='word_1_53' title='bbox 213 1515 326 1576; x_wconf 79' lang='lat' dir='ltr'>Pallida</span> <span class='ocrx_word' id='word_1_54' title='bbox 347 1524 411 1576; x_wconf 87' lang='lat' dir='ltr'>erat</span> <span class='ocrx_word' id='word_1_55' title='bbox 433 1514 536 1588; x_wconf 83' lang='lat' dir='ltr'>iacies,</span> <span class='ocrx_word' id='word_1_56' title='bbox 558 1515 651 1576; x_wconf 89' lang='lat' dir='ltr'>macie</span> <span class='ocrx_word' id='word_1_57' title='bbox 674 1522 879 1594; x_wconf 89' lang='lat' dir='ltr'>attenuataque</span> <span class='ocrx_word' id='word_1_58' title='bbox 901 1522 988 1588; x_wconf 89' lang='lat' dir='ltr'>tanta,</span> 
     </span>
    </p>

    <p class='ocr_par' dir='ltr' id='par_1_9' title="bbox 214 1623 1103 1922">
     <span class='ocr_line' id='line_1_10' title="bbox 214 1623 958 1702; baseline -0.004 -15"><span class='ocrx_word' id='word_1_59' title='bbox 214 1623 252 1687; x_wconf 89' lang='lat' dir='ltr'>Ut</span> <span class='ocrx_word' id='word_1_60' title='bbox 274 1625 349 1686; x_wconf 89' lang='lat' dir='ltr'>cutis</span> <span class='ocrx_word' id='word_1_61' title='bbox 371 1643 388 1685; x_wconf 93' lang='lat' dir='ltr'>a</span> <span class='ocrx_word' id='word_1_62' title='bbox 409 1624 514 1702; x_wconf 81' lang='lat' dir='ltr'>rigidis</span> <span class='ocrx_word' id='word_1_63' title='bbox 536 1623 707 1686; x_wconf 90' lang='lat' dir='ltr'>desumeret</span> <span class='ocrx_word' id='word_1_64' title='bbox 729 1624 811 1686; x_wconf 90' lang='lat' dir='ltr'>arida</span> <span class='ocrx_word' id='word_1_65' title='bbox 831 1623 958 1684; x_wconf 86' lang='lat' dir='ltr'>formam</span> 
     </span>
     <span class='ocr_line' id='line_1_11' title="bbox 217 1732 1103 1813; baseline 0.002 -17"><span class='ocrx_word' id='word_1_66' title='bbox 217 1734 354 1796; x_wconf 84' lang='lat' dir='ltr'>Ossibus.</span> <span class='ocrx_word' id='word_1_67' title='bbox 398 1734 484 1795; x_wconf 90' lang='lat' dir='ltr'>Haud</span> <span class='ocrx_word' id='word_1_68' title='bbox 506 1734 595 1794; x_wconf 92' lang='lat' dir='ltr'>credo</span> <span class='ocrx_word' id='word_1_69' title='bbox 618 1741 678 1795; x_wconf 89' lang='lat' dir='ltr'>tarn</span> <span class='ocrx_word' id='word_1_70' title='bbox 700 1743 828 1795; x_wconf 85' lang='lat' dir='ltr'>extrema</span> <span class='ocrx_word' id='word_1_71' title='bbox 850 1732 927 1813; x_wconf 87' lang='lat' dir='ltr'>pelle</span> <span class='ocrx_word' id='word_1_72' title='bbox 950 1733 1103 1809; x_wconf 90' lang='lat' dir='ltr'>minutum,</span> 
     </span>
     <span class='ocr_line' id='line_1_12' title="bbox 216 1843 973 1922; baseline -0.003 -16"><span class='ocrx_word' id='word_1_73' title='bbox 216 1844 291 1906; x_wconf 84' lang='lat' dir='ltr'>Cum</span> <span class='ocrx_word' id='word_1_74' title='bbox 311 1843 406 1922; x_wconf 90' lang='lat' dir='ltr'>magis</span> <span class='ocrx_word' id='word_1_75' title='bbox 426 1851 545 1920; x_wconf 86' lang='lat' dir='ltr'>urgeret</span> <span class='ocrx_word' id='word_1_76' title='bbox 565 1843 660 1904; x_wconf 85' lang='lat' dir='ltr'>rictus</span> <span class='ocrx_word' id='word_1_77' title='bbox 681 1843 805 1922; x_wconf 89' lang='lat' dir='ltr'>penuria</span> <span class='ocrx_word' id='word_1_78' title='bbox 829 1850 973 1920; x_wconf 79' lang='lat' dir='ltr'>egentem,</span> 
     </span>
    </p>

    <p class='ocr_par' dir='ltr' id='par_1_10' title="bbox 217 1953 1064 2034">
     <span class='ocr_line' id='line_1_13' title="bbox 217 1953 1064 2034; baseline -0.002 -19"><span class='ocrx_word' id='word_1_79' title='bbox 217 1953 297 2015; x_wconf 88' lang='lat' dir='ltr'>Tabe</span> <span class='ocrx_word' id='word_1_80' title='bbox 320 1960 418 2014; x_wconf 92' lang='lat' dir='ltr'>ustum</span> <span class='ocrx_word' id='word_1_81' title='bbox 439 1960 525 2030; x_wconf 88' lang='lat' dir='ltr'>tanta</span> <span class='ocrx_word' id='word_1_82' title='bbox 540 1953 668 2014; x_wconf 84' lang='lat' dir='ltr'>traxisse</span> <span class='ocrx_word' id='word_1_83' title='bbox 689 1953 923 2014; x_wconf 80' lang='lat' dir='ltr'>Eassrcnrnons</span> <span class='ocrx_word' id='word_1_84' title='bbox 945 1969 1064 2034; x_wconf 88' lang='lat' dir='ltr'>corpus.</span> 
     </span>
    </p>

    <p class='ocr_par' dir='ltr' id='par_1_11' title="bbox 167 2063 1205 2361">
     <span class='ocr_line' id='line_1_14' title="bbox 167 2063 1205 2142; baseline 0 -18"><span class='ocrx_word' id='word_1_85' title='bbox 167 2069 200 2124; x_wconf 77' lang='lat'>25</span> <span class='ocrx_word' id='word_1_86' title='bbox 259 2063 335 2124; x_wconf 90' lang='lat' dir='ltr'>Tum</span> <span class='ocrx_word' id='word_1_87' title='bbox 357 2080 473 2124; x_wconf 92' lang='lat' dir='ltr'>mecum</span> <span class='ocrx_word' id='word_1_88' title='bbox 495 2063 569 2124; x_wconf 91' lang='lat' dir='ltr'>haec</span> <span class='ocrx_word' id='word_1_89' title='bbox 590 2069 746 2142; x_wconf 91' lang='lat' dir='ltr'>reputans:</span> <span class='ocrx_word' id='word_1_90' title='bbox 769 2063 824 2135; x_wconf 85' lang='lat' dir='ltr'>En,</span> <span class='ocrx_word' id='word_1_91' title='bbox 848 2081 922 2141; x_wconf 91' lang='lat' dir='ltr'>quae</span> <span class='ocrx_word' id='word_1_92' title='bbox 945 2063 1057 2124; x_wconf 86' lang='lat' dir='ltr'>devicta</span> <span class='ocrx_word' id='word_1_93' title='bbox 1079 2063 1205 2124; x_wconf 82' lang='lat' dir='ltr'>recessit</span> 
     </span>
     <span class='ocr_line' id='line_1_15' title="bbox 217 2172 1104 2252; baseline -0.002 -18"><span class='ocrx_word' id='word_1_94' title='bbox 217 2172 306 2246; x_wconf 86' lang='lat' dir='ltr'>Gens,</span> <span class='ocrx_word' id='word_1_95' title='bbox 330 2172 447 2252; x_wconf 83' lang='lat' dir='ltr'>Solyma</span> <span class='ocrx_word' id='word_1_96' title='bbox 470 2173 588 2245; x_wconf 89' lang='lat' dir='ltr'>amissa,</span> <span class='ocrx_word' id='word_1_97' title='bbox 611 2180 769 2251; x_wconf 86' lang='lat' dir='ltr'>postquam</span> <span class='ocrx_word' id='word_1_98' title='bbox 792 2190 846 2232; x_wconf 90' lang='lat' dir='ltr'>sua</span> <span class='ocrx_word' id='word_1_99' title='bbox 866 2172 981 2232; x_wconf 86' lang='lat' dir='ltr'>viscera</span> <span class='ocrx_word' id='word_1_100' title='bbox 1003 2181 1104 2233; x_wconf 92' lang='lat' dir='ltr'>natum</span> 
     </span>
     <span class='ocr_line' id='line_1_16' title="bbox 216 2280 988 2361; baseline -0.004 -17"><span class='ocrx_word' id='word_1_101' title='bbox 216 2283 311 2345; x_wconf 88' lang='lat' dir='ltr'>Dente</span> <span class='ocrx_word' id='word_1_102' title='bbox 333 2282 424 2343; x_wconf 89' lang='lat' dir='ltr'>Maria</span> <span class='ocrx_word' id='word_1_103' title='bbox 446 2282 540 2354; x_wconf 83' lang='lat' dir='ltr'>avido,</span> <span class='ocrx_word' id='word_1_104' title='bbox 564 2281 663 2343; x_wconf 88' lang='lat' dir='ltr'>esurie</span> <span class='ocrx_word' id='word_1_105' title='bbox 685 2289 853 2361; x_wconf 85' lang='lat' dir='ltr'>superante,</span> <span class='ocrx_word' id='word_1_106' title='bbox 876 2280 988 2360; x_wconf 88' lang='lat' dir='ltr'>petivit.</span> 
     </span>
    </p>

    <p class='ocr_par' dir='ltr' id='par_1_12' title="bbox 216 2390 1077 2582">
     <span class='ocr_line' id='line_1_17' title="bbox 217 2390 1077 2472; baseline -0.001 -18"><span class='ocrx_word' id='word_1_107' title='bbox 217 2392 350 2472; x_wconf 91' lang='lat' dir='ltr'>Namque</span> <span class='ocrx_word' id='word_1_108' title='bbox 372 2391 424 2452; x_wconf 91' lang='lat' dir='ltr'>ubi</span> <span class='ocrx_word' id='word_1_109' title='bbox 446 2398 530 2452; x_wconf 88' lang='lat' dir='ltr'>erant</span> <span class='ocrx_word' id='word_1_110' title='bbox 552 2390 648 2452; x_wconf 85' lang='lat' dir='ltr'>oculis</span> <span class='ocrx_word' id='word_1_111' title='bbox 670 2391 766 2464; x_wconf 89' lang='lat' dir='ltr'>sedes,</span> <span class='ocrx_word' id='word_1_112' title='bbox 789 2391 938 2470; x_wconf 92' lang='lat' dir='ltr'>utrimque</span> <span class='ocrx_word' id='word_1_113' title='bbox 959 2391 1077 2471; x_wconf 88' lang='lat' dir='ltr'>patebat</span> 
     </span>
     <span class='ocr_line' id='line_1_18' title="bbox 216 2500 1054 2582; baseline -0.004 -17"><span class='ocrx_word' id='word_1_114' title='bbox 216 2503 324 2566; x_wconf 85' lang='lat' dir='ltr'>Forma</span> <span class='ocrx_word' id='word_1_115' title='bbox 346 2501 539 2574; x_wconf 89' lang='lat' dir='ltr'>anneiiomm,</span> <span class='ocrx_word' id='word_1_116' title='bbox 564 2519 639 2580; x_wconf 90' lang='lat' dir='ltr'>qnos</span> <span class='ocrx_word' id='word_1_117' title='bbox 662 2517 778 2576; x_wconf 90' lang='lat' dir='ltr'>gemma</span> <span class='ocrx_word' id='word_1_118' title='bbox 799 2500 919 2582; x_wconf 92' lang='lat' dir='ltr'>reliquit</span> <span class='ocrx_word' id='word_1_119' title='bbox 940 2501 1054 2563; x_wconf 89' lang='lat' dir='ltr'>inanes.</span> 
     </span>
    </p>

    <p class='ocr_par' dir='ltr' id='par_1_13' title="bbox 167 2609 1179 3130">
     <span class='ocr_line' id='line_1_19' title="bbox 167 2609 1057 2693; baseline -0.006 -16"><span class='ocrx_word' id='word_1_120' title='bbox 167 2626 201 2678; x_wconf 75' lang='lat' dir='ltr'>ac</span> <span class='ocrx_word' id='word_1_121' title='bbox 217 2613 313 2693; x_wconf 89' lang='lat' dir='ltr'>thue</span> <span class='ocrx_word' id='word_1_122' title='bbox 327 2611 480 2672; x_wconf 91' lang='lat' dir='ltr'>hominnm</span> <span class='ocrx_word' id='word_1_123' title='bbox 502 2611 532 2671; x_wconf 94' lang='lat' dir='ltr'>in</span> <span class='ocrx_word' id='word_1_124' title='bbox 554 2611 634 2672; x_wconf 85' lang='lat' dir='ltr'>vultu</span> <span class='ocrx_word' id='word_1_125' title='bbox 655 2611 786 2672; x_wconf 88' lang='lat' dir='ltr'>mutilata</span> <span class='ocrx_word' id='word_1_126' title='bbox 806 2618 892 2690; x_wconf 91' lang='lat' dir='ltr'>parte</span> <span class='ocrx_word' id='word_1_127' title='bbox 913 2609 1057 2688; x_wconf 85' lang='lat' dir='ltr'>legendus</span> 
     </span>
     <span class='ocr_line' id='line_1_20' title="bbox 217 2719 1022 2800; baseline -0.004 -16"><span class='ocrx_word' id='word_1_128' title='bbox 217 2723 308 2784; x_wconf 85' lang='lat' dir='ltr'>Esset</span> <span class='ocrx_word' id='word_1_129' title='bbox 330 2740 405 2794; x_wconf 87' lang='lat' dir='ltr'>omo,</span> <span class='ocrx_word' id='word_1_130' title='bbox 426 2720 523 2782; x_wconf 91' lang='lat' dir='ltr'>media</span> <span class='ocrx_word' id='word_1_131' title='bbox 545 2719 706 2800; x_wconf 86' lang='lat' dir='ltr'>apparebat</span> <span class='ocrx_word' id='word_1_132' title='bbox 726 2720 840 2782; x_wconf 87' lang='lat' dir='ltr'>litterae</span> <span class='ocrx_word' id='word_1_133' title='bbox 863 2720 960 2800; x_wconf 91' lang='lat' dir='ltr'>imago</span> <span class='ocrx_word' id='word_1_134' title='bbox 1019 2745 1022 2754; x_wconf 93' lang='lat'><em>·</em></span> 
     </span>
     <span class='ocr_line' id='line_1_21' title="bbox 218 2829 1179 2910; baseline -0.002 -16"><span class='ocrx_word' id='word_1_135' title='bbox 218 2832 428 2894; x_wconf 84' lang='lat' dir='ltr'>Duodecimae.</span> <span class='ocrx_word' id='word_1_136' title='bbox 451 2863 492 2875; x_wconf 92' lang='lat'>-</span> <span class='ocrx_word' id='word_1_137' title='bbox 515 2830 658 2902; x_wconf 83' lang='lat' dir='ltr'>Quisnam</span> <span class='ocrx_word' id='word_1_138' title='bbox 679 2831 738 2892; x_wconf 91' lang='lat' dir='ltr'>hoc</span> <span class='ocrx_word' id='word_1_139' title='bbox 760 2832 869 2906; x_wconf 85' lang='lat' dir='ltr'>credat,</span> <span class='ocrx_word' id='word_1_140' title='bbox 893 2829 1033 2910; x_wconf 85' lang='lat' dir='ltr'>spirantis</span> <span class='ocrx_word' id='word_1_141' title='bbox 1056 2829 1179 2908; x_wconf 77' lang='lat' dir='ltr'>odorem</span> 
     </span>
     <span class='ocr_line' id='line_1_22' title="bbox 217 2939 986 3020; baseline -0.003 -17"><span class='ocrx_word' id='word_1_142' title='bbox 217 2942 401 3020; x_wconf 66' lang='lat' dir='ltr'>adspectum</span> <span class='ocrx_word' id='word_1_143' title='bbox 419 2939 511 3020; x_wconf 93' lang='lat' dir='ltr'>pomi,</span> <span class='ocrx_word' id='word_1_144' title='bbox 533 2939 615 3002; x_wconf 91' lang='lat' dir='ltr'>rabie</span> <span class='ocrx_word' id='word_1_145' title='bbox 638 2941 708 3001; x_wconf 91' lang='lat' dir='ltr'>dnm</span> <span class='ocrx_word' id='word_1_146' title='bbox 729 2948 848 3020; x_wconf 85' lang='lat' dir='ltr'>torquet</span> <span class='ocrx_word' id='word_1_147' title='bbox 869 2939 986 3012; x_wconf 89' lang='lat' dir='ltr'>edendi,</span> 
     </span>
     <span class='ocr_line' id='line_1_23' title="bbox 217 3049 1121 3130; baseline -0.004 -17"><span class='ocrx_word' id='word_1_148' title='bbox 217 3051 441 3130; x_wconf 85' lang='lat' dir='ltr'>Labentemque</span> <span class='ocrx_word' id='word_1_149' title='bbox 462 3049 572 3110; x_wconf 92' lang='lat' dir='ltr'>undam</span> <span class='ocrx_word' id='word_1_150' title='bbox 595 3050 738 3126; x_wconf 84' lang='lat' dir='ltr'>(ignarus,</span> <span class='ocrx_word' id='word_1_151' title='bbox 762 3068 889 3128; x_wconf 92' lang='lat' dir='ltr'>quanam</span> <span class='ocrx_word' id='word_1_152' title='bbox 910 3049 1026 3110; x_wconf 87' lang='lat' dir='ltr'>accidat</span> <span class='ocrx_word' id='word_1_153' title='bbox 1047 3052 1121 3126; x_wconf 88' lang='lat' dir='ltr'>arte)</span> 
     </span>
    </p>

    <p class='ocr_par' dir='ltr' id='par_1_14' title="bbox 168 3157 1287 3677">
     <span class='ocr_line' id='line_1_24' title="bbox 168 3157 1018 3226; baseline -0.006 -2"><span class='ocrx_word' id='word_1_154' title='bbox 168 3171 202 3226; x_wconf 79' lang='lat'>35</span> <span class='ocrx_word' id='word_1_155' title='bbox 217 3161 282 3222; x_wconf 88' lang='lat' dir='ltr'>Hos</span> <span class='ocrx_word' id='word_1_156' title='bbox 304 3161 375 3221; x_wconf 92' lang='lat' dir='ltr'>dare</span> <span class='ocrx_word' id='word_1_157' title='bbox 397 3160 437 3222; x_wconf 89' lang='lat' dir='ltr'>ita</span> <span class='ocrx_word' id='word_1_158' title='bbox 459 3157 608 3221; x_wconf 79' lang='lat' dir='ltr'>affectus?</span> <span class='ocrx_word' id='word_1_159' title='bbox 629 3160 750 3221; x_wconf 89' lang='lat' dir='ltr'>Stabam</span> <span class='ocrx_word' id='word_1_160' title='bbox 773 3159 886 3220; x_wconf 83' lang='lat' dir='ltr'>defixus</span> <span class='ocrx_word' id='word_1_161' title='bbox 908 3158 938 3219; x_wconf 93' lang='lat' dir='ltr'>in</span> <span class='ocrx_word' id='word_1_162' title='bbox 961 3159 1018 3220; x_wconf 85' lang='lat' dir='ltr'>isto</span> 
     </span>
     <span class='ocr_line' id='line_1_25' title="bbox 218 3267 961 3349; baseline -0.007 -16"><span class='ocrx_word' id='word_1_163' title='bbox 218 3271 370 3344; x_wconf 84' lang='lat' dir='ltr'>Portenta,</span> <span class='ocrx_word' id='word_1_164' title='bbox 393 3269 532 3349; x_wconf 90' lang='lat' dir='ltr'>quidnam</span> <span class='ocrx_word' id='word_1_165' title='bbox 553 3269 584 3329; x_wconf 93' lang='lat' dir='ltr'>in</span> <span class='ocrx_word' id='word_1_166' title='bbox 605 3269 688 3331; x_wconf 90' lang='lat' dir='ltr'>venis</span> <span class='ocrx_word' id='word_1_167' title='bbox 708 3267 821 3349; x_wconf 76' lang='lat' dir='ltr'>Jejunia</span> <span class='ocrx_word' id='word_1_168' title='bbox 843 3275 961 3346; x_wconf 82' lang='lat' dir='ltr'>spargat</span> 
     </span>
     <span class='ocr_line' id='line_1_26' title="bbox 219 3369 1014 3459; baseline -0.005 -17"><span class='ocrx_word' id='word_1_169' title='bbox 219 3381 313 3442; x_wconf 87' lang='lat' dir='ltr'>Talia.</span> <span class='ocrx_word' id='word_1_170' title='bbox 350 3369 490 3459; x_wconf 49' lang='lat' dir='ltr'>‘Namque</span> <span class='ocrx_word' id='word_1_171' title='bbox 512 3377 600 3459; x_wconf 88' lang='lat' dir='ltr'>hujus</span> <span class='ocrx_word' id='word_1_172' title='bbox 621 3377 710 3451; x_wconf 89' lang='lat' dir='ltr'>tabis,</span> <span class='ocrx_word' id='word_1_173' title='bbox 735 3376 885 3456; x_wconf 88' lang='lat' dir='ltr'>tristisque</span> <span class='ocrx_word' id='word_1_174' title='bbox 906 3376 1014 3438; x_wconf 87' lang='lat' dir='ltr'>latebat</span> 
     </span>
     <span class='ocr_line' id='line_1_27' title="bbox 220 3483 1287 3570; baseline -0.007 -17"><span class='ocrx_word' id='word_1_175' title='bbox 220 3493 368 3570; x_wconf 91' lang='lat' dir='ltr'>Squamae</span> <span class='ocrx_word' id='word_1_176' title='bbox 391 3509 496 3551; x_wconf 81' lang='lat' dir='ltr'>caussa</span> <span class='ocrx_word' id='word_1_177' title='bbox 519 3489 603 3550; x_wconf 93' lang='lat' dir='ltr'>mibi.</span> <span class='ocrx_word' id='word_1_178' title='bbox 651 3488 696 3549; x_wconf 84' lang='lat' dir='ltr'>En</span> <span class='ocrx_word' id='word_1_179' title='bbox 720 3486 825 3567; x_wconf 89' lang='lat' dir='ltr'>capitis</span> <span class='ocrx_word' id='word_1_180' title='bbox 848 3487 992 3567; x_wconf 91' lang='lat' dir='ltr'>quaedam</span> <span class='ocrx_word' id='word_1_181' title='bbox 1013 3485 1117 3548; x_wconf 90' lang='lat' dir='ltr'>umbra</span> <span class='ocrx_word' id='word_1_182' title='bbox 1139 3483 1287 3566; x_wconf 83' lang='lat' dir='ltr'>profunda</span> 
     </span>
     <span class='ocr_line' id='line_1_28' title="bbox 219 3597 1079 3677; baseline -0.003 -16"><span class='ocrx_word' id='word_1_183' title='bbox 219 3601 263 3662; x_wconf 81' lang='lat' dir='ltr'>En</span> <span class='ocrx_word' id='word_1_184' title='bbox 285 3619 374 3661; x_wconf 87' lang='lat' dir='ltr'>cavea</span> <span class='ocrx_word' id='word_1_185' title='bbox 395 3599 425 3661; x_wconf 89' lang='lat' dir='ltr'>in</span> <span class='ocrx_word' id='word_1_186' title='bbox 446 3618 494 3661; x_wconf 90' lang='lat' dir='ltr'>me</span> <span class='ocrx_word' id='word_1_187' title='bbox 516 3599 620 3660; x_wconf 91' lang='lat' dir='ltr'>ccuios</span> <span class='ocrx_word' id='word_1_188' title='bbox 641 3597 736 3672; x_wconf 84' lang='lat' dir='ltr'>vertit,</span> <span class='ocrx_word' id='word_1_189' title='bbox 759 3604 914 3677; x_wconf 91' lang='lat' dir='ltr'>totumque</span> <span class='ocrx_word' id='word_1_190' title='bbox 934 3603 1079 3677; x_wconf 89' lang='lat' dir='ltr'>pererrat.</span> 
     </span>
    </p>

    <p class='ocr_par' dir='ltr' id='par_1_15' title="bbox 166 3703 1114 4227">
     <span class='ocr_line' id='line_1_29' title="bbox 166 3703 1114 3796; baseline -0.007 -23"><span class='ocrx_word' id='word_1_191' title='bbox 166 3724 205 3778; x_wconf 76' lang='lat'>40</span> <span class='ocrx_word' id='word_1_192' title='bbox 262 3709 338 3772; x_wconf 87' lang='lat' dir='ltr'>Dein</span> <span class='ocrx_word' id='word_1_193' title='bbox 359 3729 431 3771; x_wconf 83' lang='lat' dir='ltr'>voce</span> <span class='ocrx_word' id='word_1_194' title='bbox 454 3709 608 3796; x_wconf 80' lang='lat' dir='ltr'>inclamat:</span> <span class='ocrx_word' id='word_1_195' title='bbox 631 3709 714 3782; x_wconf 87' lang='lat' dir='ltr'>Quae</span> <span class='ocrx_word' id='word_1_196' title='bbox 735 3715 764 3769; x_wconf 91' lang='lat' dir='ltr'>te</span> <span class='ocrx_word' id='word_1_197' title='bbox 785 3707 858 3769; x_wconf 90' lang='lat' dir='ltr'>mihi</span> <span class='ocrx_word' id='word_1_198' title='bbox 882 3707 974 3786; x_wconf 88' lang='lat' dir='ltr'>gratia</span> <span class='ocrx_word' id='word_1_199' title='bbox 996 3703 1114 3768; x_wconf 77' lang='lat' dir='ltr'>redditi</span> 
     </span>
     <span class='ocr_line' id='line_1_30' title="bbox 220 3816 1092 3899; baseline -0.007 -17"><span class='ocrx_word' id='word_1_200' title='bbox 220 3821 379 3899; x_wconf 88' lang='lat' dir='ltr'>Nunquam</span> <span class='ocrx_word' id='word_1_201' title='bbox 398 3819 488 3880; x_wconf 90' lang='lat' dir='ltr'>istum</span> <span class='ocrx_word' id='word_1_202' title='bbox 510 3819 638 3881; x_wconf 83' lang='lat' dir='ltr'>exterius</span> <span class='ocrx_word' id='word_1_203' title='bbox 660 3818 826 3898; x_wconf 88' lang='lat' dir='ltr'>potuissem</span> <span class='ocrx_word' id='word_1_204' title='bbox 849 3837 940 3879; x_wconf 88' lang='lat' dir='ltr'>nosse</span> <span class='ocrx_word' id='word_1_205' title='bbox 962 3816 1092 3891; x_wconf 87' lang='lat' dir='ltr'>tuendo;</span> 
     </span>
     <span class='ocr_line' id='line_1_31' title="bbox 220 3926 1016 4008; baseline -0.006 -17"><span class='ocrx_word' id='word_1_206' title='bbox 220 3931 257 3991; x_wconf 78' lang='lat' dir='ltr'>nt</span> <span class='ocrx_word' id='word_1_207' title='bbox 277 3947 351 3991; x_wconf 82' lang='lat' dir='ltr'>voce</span> <span class='ocrx_word' id='word_1_208' title='bbox 371 3929 401 3989; x_wconf 95' lang='lat' dir='ltr'>id</span> <span class='ocrx_word' id='word_1_209' title='bbox 424 3928 527 4008; x_wconf 89' lang='lat' dir='ltr'>patuit,</span> <span class='ocrx_word' id='word_1_210' title='bbox 551 3929 630 4007; x_wconf 91' lang='lat' dir='ltr'>quod</span> <span class='ocrx_word' id='word_1_211' title='bbox 653 3928 782 3990; x_wconf 89' lang='lat' dir='ltr'>deletum</span> <span class='ocrx_word' id='word_1_212' title='bbox 802 3927 852 3999; x_wconf 85' lang='lat' dir='ltr'>ille</span> <span class='ocrx_word' id='word_1_213' title='bbox 874 3926 1016 3989; x_wconf 78' lang='lat' dir='ltr'>ferebat·</span> 
     </span>
     <span class='ocr_line' id='line_1_32' title="bbox 220 4037 968 4116; baseline -0.001 -16"><span class='ocrx_word' id='word_1_214' title='bbox 220 4038 283 4100; x_wconf 83' lang='lat' dir='ltr'>idac</span> <span class='ocrx_word' id='word_1_215' title='bbox 305 4039 370 4100; x_wconf 84' lang='lat' dir='ltr'>iace</span> <span class='ocrx_word' id='word_1_216' title='bbox 393 4039 522 4116; x_wconf 89' lang='lat' dir='ltr'>cognitio</span> <span class='ocrx_word' id='word_1_217' title='bbox 543 4038 663 4116; x_wconf 90' lang='lat' dir='ltr'>penitus</span> <span class='ocrx_word' id='word_1_218' title='bbox 685 4037 756 4099; x_wconf 91' lang='lat' dir='ltr'>mihi</span> <span class='ocrx_word' id='word_1_219' title='bbox 779 4044 840 4098; x_wconf 91' lang='lat' dir='ltr'>tota</span> <span class='ocrx_word' id='word_1_220' title='bbox 862 4037 968 4099; x_wconf 83' lang='lat' dir='ltr'>revisit</span> 
     </span>
     <span class='ocr_line' id='line_1_33' title="bbox 219 4147 934 4227; baseline -0.003 -17"><span class='ocrx_word' id='word_1_221' title='bbox 219 4147 321 4210; x_wconf 83' lang='lat' dir='ltr'>Mutati</span> <span class='ocrx_word' id='word_1_222' title='bbox 343 4148 511 4227; x_wconf 89' lang='lat' dir='ltr'>adspectus,</span> <span class='ocrx_word' id='word_1_223' title='bbox 535 4148 699 4227; x_wconf 88' lang='lat' dir='ltr'>agnovique</span> <span class='ocrx_word' id='word_1_224' title='bbox 721 4165 774 4208; x_wconf 89' lang='lat' dir='ltr'>ora</span> <span class='ocrx_word' id='word_1_225' title='bbox 794 4147 934 4208; x_wconf 75' lang='lat' dir='ltr'>Forensis.</span> 
     </span>
    </p>

    <p class='ocr_par' dir='ltr' id='par_1_16' title="bbox 164 4256 1165 4447">
     <span class='ocr_line' id='line_1_34' title="bbox 164 4256 1165 4338; baseline -0.006 -18"><span class='ocrx_word' id='word_1_226' title='bbox 164 4264 202 4320; x_wconf 81' lang='lat'>45</span> <span class='ocrx_word' id='word_1_227' title='bbox 261 4257 363 4331; x_wconf 87' lang='lat' dir='ltr'>Parce,</span> <span class='ocrx_word' id='word_1_228' title='bbox 385 4257 423 4318; x_wconf 91' lang='lat' dir='ltr'>ah</span> <span class='ocrx_word' id='word_1_229' title='bbox 443 4274 535 4338; x_wconf 89' lang='lat' dir='ltr'>parce</span> <span class='ocrx_word' id='word_1_230' title='bbox 557 4266 636 4320; x_wconf 87' lang='lat' dir='ltr'>tuam</span> <span class='ocrx_word' id='word_1_231' title='bbox 658 4256 819 4320; x_wconf 89' lang='lat' dir='ltr'>dubitando</span> <span class='ocrx_word' id='word_1_232' title='bbox 842 4256 1006 4319; x_wconf 88' lang='lat' dir='ltr'>obtundere</span> <span class='ocrx_word' id='word_1_233' title='bbox 1027 4261 1165 4326; x_wconf 86' lang='lat' dir='ltr'>mentem,</span> 
     </span>
     <span class='ocr_line' id='line_1_35' title="bbox 222 4366 1061 4447; baseline 0.001 -20"><span class='ocrx_word' id='word_1_234' title='bbox 222 4367 309 4441; x_wconf 86' lang='lat' dir='ltr'>Quod</span> <span class='ocrx_word' id='word_1_235' title='bbox 332 4367 449 4428; x_wconf 89' lang='lat' dir='ltr'>scabies</span> <span class='ocrx_word' id='word_1_236' title='bbox 470 4366 558 4447; x_wconf 91' lang='lat' dir='ltr'>pellis</span> <span class='ocrx_word' id='word_1_237' title='bbox 580 4367 653 4429; x_wconf 92' lang='lat' dir='ltr'>mibi</span> <span class='ocrx_word' id='word_1_238' title='bbox 676 4373 774 4446; x_wconf 88' lang='lat' dir='ltr'>turpat</span> <span class='ocrx_word' id='word_1_239' title='bbox 795 4367 898 4428; x_wconf 89' lang='lat' dir='ltr'>adusta</span> <span class='ocrx_word' id='word_1_240' title='bbox 921 4366 1061 4439; x_wconf 86' lang='lat' dir='ltr'>colorem,</span> 
     </span>
    </p>
   </div>
   <div class='ocr_carea' id='block_1_3' title="bbox 219 4476 1156 4628">
    <p class='ocr_par' dir='ltr' id='par_1_17' title="bbox 219 4476 1156 4628">
     <span class='ocr_line' id='line_1_36' title="bbox 219 4476 887 4554; baseline -0.001 -16"><span class='ocrx_word' id='word_1_241' title='bbox 219 4477 257 4539; x_wconf 87' lang='lat' dir='ltr'>Et</span> <span class='ocrx_word' id='word_1_242' title='bbox 277 4477 351 4540; x_wconf 88' lang='lat' dir='ltr'>mibi</span> <span class='ocrx_word' id='word_1_243' title='bbox 372 4476 514 4541; x_wconf 88' lang='lat' dir='ltr'>deficiunt</span> <span class='ocrx_word' id='word_1_244' title='bbox 535 4485 633 4554; x_wconf 80' lang='lat' dir='ltr'>artus3</span> <span class='ocrx_word' id='word_1_245' title='bbox 656 4484 686 4538; x_wconf 93' lang='lat' dir='ltr'>at</span> <span class='ocrx_word' id='word_1_246' title='bbox 705 4495 775 4538; x_wconf 86' lang='lat' dir='ltr'>rera</span> <span class='ocrx_word' id='word_1_247' title='bbox 796 4477 887 4538; x_wconf 80' lang='lat' dir='ltr'>fatere</span> 
     </span>
     <span class='ocr_line' id='line_1_37' title="bbox 1126 4575 1156 4628; baseline 0 0"><span class='ocrx_word' id='word_1_248' title='bbox 1126 4575 1156 4628; x_wconf 83' lang='lat'>15</span> 
     </span>
    </p>
   </div>
   <div class='ocr_carea' id='block_1_4' title="bbox 0 0 1622 5396">
    <p class='ocr_par' dir='ltr' id='par_1_18' title="bbox 0 0 1622 5396">
     <span class='ocr_line' id='line_1_38' title="bbox 0 0 1622 5396; baseline 0 2"><span class='ocrx_word' id='word_1_249' title='bbox 0 0 1622 5396; x_wconf 95' lang='lat' dir='ltr'> </span> 
     </span>
    </p>
   </div>
  </div>
 </body>
</html>
