3362 5414
639 572 834 626 tultuuonull
851 573 911 624 lllll.

281 795 385 857 Cernis
407 802 442 856 ut
464 793 544 874 ipse,
567 811 658 854 unium
682 793 894 856 deflentibus.
936 793 1013 855 Huic
1034 809 1089 871 ego
1112 803 1231 856 contra:
1306 789 1309 794 ’

228 904 306 965 350
330 904 429 966 anima
452 904 649 975 exsecranda,
672 911 723 965 tuo
746 903 818 966 lletu
841 911 929 984 etque
950 889 1055 964 'dolore

279 1013 335 1074 llic
357 1031 496 1085 maneas3
519 1031 575 1090 ego
598 1019 627 1074 te
649 1012 735 1085 novi,
757 1012 829 1074 licet
850 1012 972 1075 horrida
995 1019 1087 1074 totam

280 1123 322 1185 Te
346 1131 425 1199 tegat
446 1122 572 1184 illuvies.
617 1121 701 1184 Tunc
723 1122 825 1184 ambos
847 1121 897 1184 ille
919 1122 1047 1186 tetendit

176 1263 180 1270 ·
280 1234 323 1294 Ad
345 1232 471 1313 puppim
493 1231 624 1312 palmas,
648 1233 727 1311 quod
750 1231 802 1293 ubi
823 1231 919 1304 videt,
942 1231 1053 1311 impeto
1074 1249 1181 1312 magno

280 1343 366 1404 lllum
387 1341 499 1423 deiecit
519 1349 713 1420 praeceptor,
737 1341 807 1402 tolie
830 1342 925 1402 letus:

229 1454 294 1514 iol
315 1451 420 1532 procul
442 1451 527 1524 binc,
550 1451 726 1531 reliquoque
749 1469 855 1512 cenum
878 1458 907 1512 le
929 1452 1066 1516 examine
1086 1450 1195 1514 miscel

280 1563 394 1624 Exinde
417 1563 483 1642 ipse
505 1561 569 1622 suis
592 1560 685 1622 cinxit
705 1560 779 1622 mibi
802 1560 878 1623 colla
900 1560 1030 1634 lacertis,
1092 1575 1101 1608 ¹
1163 1539 1165 1544 ⁵

283 1673 383 1752 Osqne
407 1670 452 1732 ori
472 1672 620 1752 iungens:
644 1670 668 1731 0
688 1669 845 1748 indignate
867 1680 1033 1750 protervos,

281 1783 344 1855 llli,
368 1780 580 1861 inquituene
603 1779 659 1852 sit,
682 1798 758 1858 quse
779 1788 809 1842 te
831 1781 921 1842 talem
942 1779 1011 1844 tulit
1031 1781 1107 1844 aluo.

281 1892 333 1954 llle
355 1891 428 1965 luit,
450 1901 549 1952 vestro
572 1890 644 1950 dum
664 1889 737 1950 vixit
758 1889 788 1950 iu
811 1889 900 1964 orbe,
923 1890 1086 1971 superbus:

230 2009 265 2063 45
281 2002 329 2064 Nil
351 1999 469 2062 virtutis
493 1999 585 2072 iuest,
609 1999 708 2079 aliqua
731 1999 810 2079 quod
832 1999 919 2062 laude
941 2002 1086 2080 rependat

283 2111 503 2192 opprobrium,
526 2127 618 2190 quare
640 2108 754 2171 luriosa
774 2109 981 2184 bicinlremil
1002 2109 1115 2172 umbra.

283 2222 364 2295 Quot
384 2220 475 2282 modo
500 2220 579 2299 apud
600 2227 717 2282 vestros
740 2218 883 2281 sublimes
906 2238 939 2282 se
961 2237 1028 2282 esse
1049 2218 1197 2300 putabunt

282 2332 398 2408 Reges,
422 2330 473 2411 qui
494 2330 584 2391 veluti
606 2329 690 2408 porci
713 2329 770 2390 hac
792 2329 847 2390 sub
869 2327 945 2390 valle
963 2329 1107 2410 jacebuut

283 2441 413 2504 Obducti
434 2441 526 2512 limo,
549 2446 767 2519 postmortem
789 2439 938 2501 horrenda
961 2457 1084 2502 suorum

232 2554 265 2608 50
283 2551 376 2614 Sibile
398 2559 547 2614 vertentes
569 2549 601 2610 in
624 2568 672 2622 se,
694 2549 857 2629 populique
880 2547 1056 2612 cachinnos!

323 2661 380 2723 llic
403 2679 475 2738 ego:
497 2659 695 2738 Praeceptor,
717 2659 807 2720 medo
831 2660 889 2721 lert
909 2678 957 2722 me
979 2660 1045 2722 diro
1067 2660 1177 2743 cupido

157 2753 161 2896 Ι
282 2772 369 2834 Hunc
390 2789 522 2832 mersum
543 2769 659 2850 liquido
681 2767 769 2830 coeni
791 2777 928 2848 spectare
950 2769 1090 2846 subillo,
1116 2823 1120 2834 ,

157 2900 160 2924 ·
284 2883 392 2960 Stagna
416 2880 500 2960 prius
523 2897 611 2959 mem
633 2877 695 2940 sint
716 2878 803 2940 nobis
826 2887 965 2958 superato
987 2881 1115 2960 paludis.

283 2989 409 3054 Lumina
433 2989 601 3069 pascendo,
624 2987 710 3061 dixit,
735 2988 899 3062 satiabere,
923 2989 1053 3070 erisque,

234 3107 266 3160 55
284 3102 360 3163 bute
384 3099 438 3162 tibi
460 3099 576 3162 siccum
596 3117 683 3179 quam
707 3098 794 3160 detur
813 3107 935 3178 tangere
956 3100 1036 3174 litus,

285 3213 351 3272 blox
373 3229 498 3290 compos
518 3209 595 3282 voti,
620 3219 650 3270 et
670 3209 785 3271 reseres
806 3209 880 3272 baec
902 3210 1009 3287 gaudia
1032 3221 1138 3272 tecimr.

327 3321 401 3382 Post
420 3319 521 3401 paullo
544 3317 647 3397 ospexi
663 3335 822 3380 coenosae.
838 3317 889 3380 illa
912 3319 1030 3398 agmina
1052 3320 1150 3399 plebis

287 3429 409 3492 Talibus
430 3430 511 3490 bunc
533 3436 654 3501 contra,
679 3427 828 3507 tantisque
850 3428 1005 3506 insurgere
1027 3429 1157 3508 probris,

287 3541 324 3602 Ut
345 3557 472 3620 superos
494 3539 626 3611 laudern,
650 3556 706 3600 uec
727 3553 848 3618 parcam
869 3537 917 3598 his
941 3539 1056 3600 solvere
1078 3551 1186 3618 grates.

159 3643 163 3740 l
236 3660 269 3712 60
282 3649 424 3711 'Clamore
445 3648 606 3710 horrisono
629 3646 730 3708 cuncti
753 3647 896 3710 insultare
918 3649 1065 3710 Purnrrro

286 3761 429 3822 Moneri.
474 3757 608 3820 Stolidus
628 3757 839 3820 Fnonunrruun
861 3759 945 3820 furor
965 3758 1088 3822 umbrae

287 3870 321 3931 ln
343 3889 376 3930 se
399 3868 553 3932 conversis
575 3867 633 3928 sibi
654 3867 762 3930 rodere
784 3867 924 3932 dentibus
946 3879 1037 3931 amus.

287 3978 444 4058 Liquimus
465 3978 515 4039 bic
536 3977 636 4051 illum,
658 3994 716 4040 uec
737 3977 870 4041 carmine
892 3979 1077 4058 compellabo

287 4088 433 4169 Amplius.
475 4087 514 4149 lt
533 4087 608 4154 mibi
632 4097 692 4148 tum
715 4087 836 4168 quidam
857 4089 945 4151 dolor
965 4087 1083 4170 impulit
1104 4107 1201 4163 aures,

237 4199 388 4272 nullusne
411 4197 506 4260 aciem
528 4197 668 4270 intendo,
689 4203 887 4278 protentaque
909 4199 1021 4262 lumina
1041 4199 1151 4279 pando.

287 4309 531 4388 Praeceptorqne
551 4307 666 4370 bonus:
688 4306 761 4380 Fili,
783 4325 817 4370 se
838 4308 973 4388 proxima
996 4309 1077 4372 sistit

290 4417 380 4491 Urbs,
404 4417 516 4497 inquit,
539 4435 644 4480 manes
665 4435 760 4497 quum
776 4417 880 4480 dicunt
901 4419 1022 4481 nornine
1043 4420 1151 4494 Dureau,

281 4526 343 4589 'Cui
364 4544 490 4588 numero
513 4527 693 4590 immensum
715 4534 764 4590 est
783 4527 922 4606 gravibus
944 4547 1012 4592 cum
1034 4528 1148 4594 civibus
1171 4545 1285 4610 agmen.
