3214 5400
1007 393 1012 406 Ι

305 439 1518 506 -υι--....--ι--ιι-σι--ι“----Ἷ

807 497 987 548 runcnronu
1006 496 1041 545 Vl.

308 593 400 600 -—-.-
627 591 812 601 -—----·—·-—-

422 716 520 795 Usque
543 723 621 777 artes
643 716 743 795 poscit
764 715 884 776 solertis
907 714 1043 776 acumine
1067 715 1185 786 inentis,
1305 761 1307 766 ,

421 825 460 886 Et
481 825 592 886 lumum
616 834 646 885 et
666 832 786 887 ventum
809 824 939 900 ingenita
960 823 1068 885 virtute
1090 833 1214 903 repente

422 934 521 996 Movit.
544 935 663 995 -Ubi
686 943 731 996 est
753 934 898 996 exstincta
920 933 1002 1005 dies,
1027 932 1152 1009 caligine
1174 931 1279 995 vallem

357 1044 554 1105 recurrito
577 1043 682 1120 Magno
705 1044 734 1104 in
758 1042 875 1104 coelum
897 1041 1024 1104 sublime
1047 1043 1187 1104 minantis

421 1153 529 1214 Montis
553 1152 588 1213 ad
612 1172 707 1231 usque
725 1153 831 1232 jugum
853 1153 932 1213 texit.
978 1152 1051 1214 Dein
1073 1151 1204 1230 desuper
1225 1154 1359 1214 aethram

421 1262 599 1333 Admonuit,
623 1263 780 1340 lectusque
804 1261 835 1322 in
858 1279 965 1341 aquam
987 1261 1159 1322 dissolvitur
1181 1269 1240 1322 aer.

463 1370 661 1449 Praecipitant
683 1370 811 1444 imbres,
835 1378 863 1432 et
886 1389 961 1449 quos
979 1370 1040 1449 jam
1063 1379 1141 1432 terra
1163 1370 1306 1452 nequibat

422 1481 580 1560 Accipere,
604 1480 633 1540 in
657 1479 756 1541 fossas
779 1480 845 1540 tulit
867 1481 1008 1559 impetus,
1032 1487 1122 1558 utque
1145 1481 1263 1542 liuentis

357 1601 405 1653 les
422 1590 486 1651 llos
510 1588 587 1650 solet
608 1607 677 1650 esse
700 1589 823 1668 amplis,
845 1589 942 1650 rendae
964 1597 1078 1651 traxere
1100 1589 1216 1652 ruinam

422 1700 495 1760 'lam
518 1699 621 1778 rapide
644 1699 674 1759 in
696 1700 808 1760 tlumen
830 1699 944 1778 regale,
968 1707 1001 1760 ut
1023 1698 1102 1760 nulla
1124 1698 1234 1760 valeret

422 1809 472 1869 Vis
494 1807 655 1887 probibere
676 1808 797 1870 malum.
841 1808 904 1870 llea
920 1789 1036 1884 ¹frigore
1058 1808 1191 1870 membra
1213 1809 1310 1872 soluta

421 1917 560 1980 lndomiti
581 1917 720 1979 Ambiani
741 1918 825 1978 luror
844 1917 941 1980 aufert
962 1917 1116 1995 improbus
1137 1917 1229 1997 inque
1255 1897 1260 1904 ¹

421 2031 533 2090 mcum
556 2026 700 2106 conjecit,
723 2026 869 2105 solvitque
891 2046 908 2088 a
929 2035 1050 2105 pectore
1073 2045 1187 2100 nexam,

358 2154 406 2206 130
424 2139 519 2212 Quam
541 2137 640 2198 lacere
663 2153 782 2198 crucem
803 2135 876 2197 mibi
898 2135 1034 2209 brachia,
1059 2155 1126 2196 cum
1147 2135 1234 2198 dolor
1255 2138 1361 2214 ingens

423 2248 469 2309 lle
490 2246 559 2307 vicit
580 2245 739 2316 domitum.
763 2253 792 2306 et
812 2264 867 2324 per
887 2245 968 2324 ripas
989 2244 1080 2306 volvit
1101 2254 1132 2306 et
1151 2246 1245 2308 imum

423 2357 482 2418 Per
504 2356 642 2429 lundum;
664 2354 771 2416 deinde
794 2354 859 2434 ipse
881 2373 935 2416 sua
958 2355 1087 2416 cinctum
1109 2363 1198 2434 atqua
1220 2357 1382 2420 revinctum

423 2465 557 2526 advolvit
578 2465 697 2544 praeda.
741 2464 766 2525 0
789 2464 899 2542 patrias
922 2481 990 2526 cum
1011 2481 1117 2526 rursus
1139 2466 1222 2528 adire

422 2576 480 2638 Fas
502 2574 556 2636 tibi
578 2574 766 2644 mittentes,
788 2572 966 2653 dabiturque
989 2573 1144 2652 quiescere
1166 2575 1255 2653 longo

358 2686 448 2750 laed
469 2703 559 2745 cursu
581 2689 668 2762 atque
690 2681 793 2744 labere
813 2682 877 2744 viae
900 2683 956 2757 (sic
978 2683 1036 2744 fata
1059 2685 1219 2746 secundans

424 2793 524 2854 Tertia
545 2800 615 2871 post
637 2791 862 2868 animemed),
884 2792 964 2853 band
987 2792 1165 2855 obliviscere
1186 2793 1300 2856 nostri!

424 2903 497 2964 Sum
518 2902 588 2974 ru,
610 2919 659 2962 me
680 2902 782 2976 genuit
804 2901 881 2962 Sena
905 2903 1092 2981 confecitque
1114 2902 1281 2976 llaremma,

425 3013 546 3090 Scitque
567 3012 640 3074 baec
661 3010 726 3083 ille,
749 3011 833 3090 prius
854 3011 928 3073 mibi
950 3012 1001 3091 qui
1023 3013 1147 3074 donarat
1167 3011 1278 3074 habere

424 3119 595 3195 dnnellum,
618 3121 790 3200 sociamque
812 3121 869 3182 tori
891 3139 1074 3200 uxoremque
1094 3131 1223 3184 vocarat.

927 3381 982 3464 vl.

465 3558 583 3621 Ludere
605 3557 657 3618 ubi
679 3558 746 3619 talis
768 3565 915 3620 cessatum
939 3568 997 3632 est,
1022 3561 1112 3622 corde
1135 3561 1247 3647 dolenti

425 3670 489 3730 Stat
508 3668 603 3729 victus
626 3667 792 3746 repetitque
813 3669 909 3742 vices,
931 3689 967 3732 ac
988 3670 1116 3748 denique
1139 3672 1233 3732 tristis

424 3777 529 3838 Discit.
574 3777 720 3839 Victorem
742 3778 878 3855 sequitur
899 3797 972 3856 gens
995 3788 1071 3853 tota,
1094 3781 1251 3860 praeitque

425 3887 523 3958 Unus,
546 3904 673 3964 eumque
695 3885 771 3948 alter
791 3888 911 3966 prendit
930 3896 1000 3967 post
1021 3897 1138 3968 tergus,
1162 3891 1185 3951 it
1206 3890 1280 3952 alter

393 3995 470 4058 aad
490 3994 568 4056 latus
591 4002 678 4075 atque
696 3996 783 4076 jubet
803 3997 986 4060 meminisse.
1030 3998 1115 4060 Haud
1137 3999 1187 4060 ille
1209 4000 1332 4062 remittit

427 4105 485 4178 ire,
509 4112 539 4166 st
559 4121 639 4167 nunc
661 4123 748 4166 aures
771 4107 836 4180 isti,
859 4125 938 4170 nunc
960 4109 1096 4170 admovet
1116 4109 1168 4181 illi,

427 4213 539 4291 Cuique
561 4231 681 4276 manum
702 4216 814 4294 porgit,
837 4235 923 4280 mens
945 4217 1113 4297 importuna
1134 4220 1248 4280 recedit

1307 509 1519 641 ----l

1518 890 1520 1040 t

1585 4273 1590 4410 l

427 4431 566 4493 Turbam.
609 4433 675 4493 Non
699 4451 786 4496 secus
807 4435 867 4496 hoc
887 4436 1026 4500 verssbar
1046 4436 1079 4498 in
1101 4439 1217 4515 agmirm
1238 4438 1327 4516 vulgi,

425 4323 558 4384 lnstandi
579 4323 721 4397 ulterius;
742 4333 875 4388 removet
896 4326 940 4388 sic
961 4327 1027 4406 ipse
1049 4337 1225 4408 sequentem
1585 4416 1588 4431 Ι

1583 4658 1586 4692 l

1585 4699 1586 4718 v
