<?xml version="1.0" encoding="UTF-8"?>
<!DOCTYPE html PUBLIC "-//W3C//DTD XHTML 1.0 Transitional//EN"
    "http://www.w3.org/TR/xhtml1/DTD/xhtml1-transitional.dtd">
<html xmlns="http://www.w3.org/1999/xhtml" xml:lang="en" lang="en">
 <head>
  <title>
</title>
<meta http-equiv="Content-Type" content="text/html;charset=utf-8" />
  <meta name='ocr-system' content='tesseract 3.04.00' />
  <meta name='ocr-capabilities' content='ocr_page ocr_carea ocr_par ocr_line ocrx_word'/>
</head>
<body>
  <div class='ocr_page' id='page_1' title='image "./divinacomoedia01piazgoog_0314.png"; bbox 0 0 3234 5396; ppageno 0'>
   <div class='ocr_carea' id='block_1_1' title="bbox 76 485 1299 760">
    <p class='ocr_par' dir='ltr' id='par_1_1' title="bbox 76 485 1299 760">
     <span class='ocr_line' id='line_1_1' title="bbox 76 485 826 760; baseline 0.011 -183"><span class='ocrx_word' id='word_1_1' title='bbox 76 485 81 760; x_wconf 55' lang='grc' dir='ltr'>ι</span> <span class='ocrx_word' id='word_1_2' title='bbox 450 538 452 547; x_wconf 90' lang='grc'><strong>“</strong></span> <span class='ocrx_word' id='word_1_3' title='bbox 551 533 731 586; x_wconf 76' lang='lat' dir='ltr'><strong>PUilGd&#39;lOllll</strong></span> <span class='ocrx_word' id='word_1_4' title='bbox 749 535 826 585; x_wconf 76' lang='lat' dir='ltr'><strong>xxm.</strong></span> 
     </span>
     <span class='ocr_line' id='line_1_2' title="bbox 85 625 1299 651; baseline -0.002 -13"><span class='ocrx_word' id='word_1_5' title='bbox 85 625 1299 651; x_wconf 43' lang='grc' dir='ltr'><strong>ῌ--Ἣ</strong></span> 
     </span>
    </p>
   </div>
   <div class='ocr_carea' id='block_1_2' title="bbox 138 751 1101 2568">
    <p class='ocr_par' dir='ltr' id='par_1_2' title="bbox 143 751 1099 1271">
     <span class='ocr_line' id='line_1_3' title="bbox 143 751 1018 834; baseline 0.001 -15"><span class='ocrx_word' id='word_1_6' title='bbox 143 754 258 819; x_wconf 82' lang='lat' dir='ltr'><strong>lolam</strong></span> <span class='ocrx_word' id='word_1_7' title='bbox 280 752 353 814; x_wconf 89' lang='lat' dir='ltr'><strong>mihi</strong></span> <span class='ocrx_word' id='word_1_8' title='bbox 374 753 534 832; x_wconf 83' lang='lat' dir='ltr'><strong>responde,</strong></span> <span class='ocrx_word' id='word_1_9' title='bbox 558 754 695 834; x_wconf 87' lang='lat' dir='ltr'><strong>quoniam</strong></span> <span class='ocrx_word' id='word_1_10' title='bbox 717 751 771 814; x_wconf 89' lang='lat' dir='ltr'><strong>tihi</strong></span> <span class='ocrx_word' id='word_1_11' title='bbox 794 753 917 831; x_wconf 91' lang='lat' dir='ltr'><strong>gurgitis</strong></span> <span class='ocrx_word' id='word_1_12' title='bbox 940 757 1018 821; x_wconf 90' lang='lat' dir='ltr'><strong>unda</strong></span> 
     </span>
     <span class='ocr_line' id='line_1_4' title="bbox 193 861 976 926; baseline 0.001 -1"><span class='ocrx_word' id='word_1_13' title='bbox 193 863 317 925; x_wconf 80' lang='lat' dir='ltr'><strong>Lethaei</strong></span> <span class='ocrx_word' id='word_1_14' title='bbox 340 862 472 924; x_wconf 90' lang='lat' dir='ltr'><strong>nundum</strong></span> <span class='ocrx_word' id='word_1_15' title='bbox 492 869 708 926; x_wconf 83' lang='lat' dir='ltr'><strong>memorantem</strong></span> <span class='ocrx_word' id='word_1_16' title='bbox 729 861 826 924; x_wconf 90' lang='lat' dir='ltr'><strong>tristia</strong></span> <span class='ocrx_word' id='word_1_17' title='bbox 846 872 976 926; x_wconf 81' lang='lat' dir='ltr'><strong>mentem</strong></span> 
     </span>
     <span class='ocr_line' id='line_1_5' title="bbox 192 971 1099 1050; baseline 0.007 -16"><span class='ocrx_word' id='word_1_18' title='bbox 192 978 273 1034; x_wconf 78' lang='lat' dir='ltr'><strong>Ausa</strong></span> <span class='ocrx_word' id='word_1_19' title='bbox 295 972 349 1034; x_wconf 87' lang='lat' dir='ltr'><strong>tihi</strong></span> <span class='ocrx_word' id='word_1_20' title='bbox 370 971 464 1034; x_wconf 88' lang='lat' dir='ltr'><strong>laesit.</strong></span> <span class='ocrx_word' id='word_1_21' title='bbox 489 1007 525 1018; x_wconf 98' lang='lat'>-</span> <span class='ocrx_word' id='word_1_22' title='bbox 551 973 624 1034; x_wconf 82' lang='lat' dir='ltr'><strong>llilri</strong></span> <span class='ocrx_word' id='word_1_23' title='bbox 645 982 708 1033; x_wconf 93' lang='lat' dir='ltr'><strong>tum</strong></span> <span class='ocrx_word' id='word_1_24' title='bbox 729 971 827 1050; x_wconf 90' lang='lat' dir='ltr'><strong>pudnr</strong></span> <span class='ocrx_word' id='word_1_25' title='bbox 847 991 882 1034; x_wconf 89' lang='lat' dir='ltr'><strong>ae</strong></span> <span class='ocrx_word' id='word_1_26' title='bbox 903 974 992 1036; x_wconf 88' lang='lat' dir='ltr'><strong>tirunr</strong></span> <span class='ocrx_word' id='word_1_27' title='bbox 1012 977 1099 1040; x_wconf 86' lang='lat' dir='ltr'><strong>istam</strong></span> 
     </span>
     <span class='ocr_line' id='line_1_6' title="bbox 193 1079 1029 1160; baseline 0.007 -18"><span class='ocrx_word' id='word_1_28' title='bbox 193 1083 305 1143; x_wconf 82' lang='lat' dir='ltr'><strong>Vocem</strong></span> <span class='ocrx_word' id='word_1_29' title='bbox 327 1100 378 1143; x_wconf 88' lang='lat' dir='ltr'><strong>ore</strong></span> <span class='ocrx_word' id='word_1_30' title='bbox 402 1081 550 1144; x_wconf 81' lang='lat' dir='ltr'><strong>excussit:</strong></span> <span class='ocrx_word' id='word_1_31' title='bbox 569 1079 691 1144; x_wconf 75' lang='lat' dir='ltr'><strong>Verum!</strong></span> <span class='ocrx_word' id='word_1_32' title='bbox 715 1081 793 1160; x_wconf 92' lang='lat' dir='ltr'><strong>quod</strong></span> <span class='ocrx_word' id='word_1_33' title='bbox 816 1081 926 1144; x_wconf 92' lang='lat' dir='ltr'><strong>lumina</strong></span> <span class='ocrx_word' id='word_1_34' title='bbox 946 1085 1029 1148; x_wconf 88' lang='lat' dir='ltr'><strong>visus</strong></span> 
     </span>
     <span class='ocr_line' id='line_1_7' title="bbox 192 1189 995 1271; baseline 0.005 -18"><span class='ocrx_word' id='word_1_35' title='bbox 192 1193 252 1254; x_wconf 89' lang='lat' dir='ltr'><strong>Pro</strong></span> <span class='ocrx_word' id='word_1_36' title='bbox 275 1191 378 1252; x_wconf 92' lang='lat' dir='ltr'><strong>auditu</strong></span> <span class='ocrx_word' id='word_1_37' title='bbox 398 1189 543 1271; x_wconf 89' lang='lat' dir='ltr'><strong>poscebat</strong></span> <span class='ocrx_word' id='word_1_38' title='bbox 564 1209 660 1270; x_wconf 88' lang='lat' dir='ltr'><strong>opem,</strong></span> <span class='ocrx_word' id='word_1_39' title='bbox 684 1208 721 1251; x_wconf 87' lang='lat' dir='ltr'><strong>ne</strong></span> <span class='ocrx_word' id='word_1_40' title='bbox 743 1189 833 1252; x_wconf 86' lang='lat' dir='ltr'><strong>rerba</strong></span> <span class='ocrx_word' id='word_1_41' title='bbox 853 1193 995 1270; x_wconf 82' lang='lat' dir='ltr'><strong>perirent</strong></span> 
     </span>
    </p>

    <p class='ocr_par' dir='ltr' id='par_1_3' title="bbox 143 1299 1086 1818">
     <span class='ocr_line' id='line_1_8' title="bbox 143 1299 937 1368; baseline 0.003 -6"><span class='ocrx_word' id='word_1_42' title='bbox 143 1315 174 1368; x_wconf 83' lang='grc'><strong>15</strong></span> <span class='ocrx_word' id='word_1_43' title='bbox 235 1301 274 1362; x_wconf 86' lang='lat' dir='ltr'><strong>Ut</strong></span> <span class='ocrx_word' id='word_1_44' title='bbox 294 1299 410 1363; x_wconf 89' lang='lat' dir='ltr'><strong>ballista</strong></span> <span class='ocrx_word' id='word_1_45' title='bbox 432 1317 539 1360; x_wconf 91' lang='lat' dir='ltr'><strong>manus</strong></span> <span class='ocrx_word' id='word_1_46' title='bbox 560 1299 652 1360; x_wconf 84' lang='lat' dir='ltr'><strong>nimie</strong></span> <span class='ocrx_word' id='word_1_47' title='bbox 675 1299 831 1362; x_wconf 90' lang='lat' dir='ltr'><strong>conamine</strong></span> <span class='ocrx_word' id='word_1_48' title='bbox 853 1308 937 1364; x_wconf 88' lang='lat' dir='ltr'><strong>tensa</strong></span> 
     </span>
     <span class='ocr_line' id='line_1_9' title="bbox 194 1408 1086 1489; baseline 0.001 -15"><span class='ocrx_word' id='word_1_49' title='bbox 194 1410 343 1474; x_wconf 84' lang='lat' dir='ltr'><strong>Chcrdam</strong></span> <span class='ocrx_word' id='word_1_50' title='bbox 364 1427 524 1488; x_wconf 88' lang='lat' dir='ltr'><strong>arcumque</strong></span> <span class='ocrx_word' id='word_1_51' title='bbox 548 1409 635 1470; x_wconf 92' lang='lat' dir='ltr'><strong>simul</strong></span> <span class='ocrx_word' id='word_1_52' title='bbox 658 1409 774 1485; x_wconf 84' lang='lat' dir='ltr'><strong>trangit,</strong></span> <span class='ocrx_word' id='word_1_53' title='bbox 797 1408 948 1489; x_wconf 89' lang='lat' dir='ltr'><strong>telumque</strong></span> <span class='ocrx_word' id='word_1_54' title='bbox 970 1413 1086 1476; x_wconf 88' lang='lat' dir='ltr'><strong>mincr&#39;e</strong></span> 
     </span>
     <span class='ocr_line' id='line_1_10' title="bbox 193 1518 966 1600; baseline 0.001 -19"><span class='ocrx_word' id='word_1_55' title='bbox 193 1520 307 1600; x_wconf 91' lang='lat' dir='ltr'><strong>lmpete</strong></span> <span class='ocrx_word' id='word_1_56' title='bbox 330 1519 475 1597; x_wconf 85' lang='lat' dir='ltr'><strong>contingit</strong></span> <span class='ocrx_word' id='word_1_57' title='bbox 497 1519 631 1597; x_wconf 87' lang='lat' dir='ltr'><strong>signum:</strong></span> <span class='ocrx_word' id='word_1_58' title='bbox 655 1518 710 1580; x_wconf 90' lang='lat' dir='ltr'><strong>suh</strong></span> <span class='ocrx_word' id='word_1_59' title='bbox 732 1518 865 1598; x_wconf 86' lang='lat' dir='ltr'><strong>pendere</strong></span> <span class='ocrx_word' id='word_1_60' title='bbox 887 1529 966 1583; x_wconf 90' lang='lat' dir='ltr'><strong>tanto</strong></span> 
     </span>
     <span class='ocr_line' id='line_1_11' title="bbox 194 1627 1005 1709; baseline 0 -17"><span class='ocrx_word' id='word_1_61' title='bbox 194 1630 245 1692; x_wconf 90' lang='lat' dir='ltr'><strong>Sic</strong></span> <span class='ocrx_word' id='word_1_62' title='bbox 267 1647 322 1708; x_wconf 90' lang='lat' dir='ltr'><strong>ego</strong></span> <span class='ocrx_word' id='word_1_63' title='bbox 345 1628 497 1708; x_wconf 88' lang='lat' dir='ltr'><strong>disruptus</strong></span> <span class='ocrx_word' id='word_1_64' title='bbox 518 1628 655 1689; x_wconf 79' lang='lat' dir='ltr'><strong>lacrimas</strong></span> <span class='ocrx_word' id='word_1_65' title='bbox 678 1627 865 1708; x_wconf 79' lang='lat' dir='ltr'><strong>gemitusque</strong></span> <span class='ocrx_word' id='word_1_66' title='bbox 886 1629 1005 1709; x_wconf 78' lang='lat' dir='ltr'><strong>profudi</strong></span> 
     </span>
     <span class='ocr_line' id='line_1_12' title="bbox 193 1736 982 1818; baseline -0.001 -17"><span class='ocrx_word' id='word_1_67' title='bbox 193 1740 316 1817; x_wconf 79' lang='lat' dir='ltr'><strong>Largus,</strong></span> <span class='ocrx_word' id='word_1_68' title='bbox 339 1736 553 1818; x_wconf 86' lang='lat' dir='ltr'><strong>praeclusaque</strong></span> <span class='ocrx_word' id='word_1_69' title='bbox 575 1737 622 1798; x_wconf 89' lang='lat' dir='ltr'><strong>ria</strong></span> <span class='ocrx_word' id='word_1_70' title='bbox 644 1756 699 1798; x_wconf 78' lang='lat' dir='ltr'><strong>rou</strong></span> <span class='ocrx_word' id='word_1_71' title='bbox 719 1737 855 1799; x_wconf 87' lang='lat' dir='ltr'><strong>lancibus</strong></span> <span class='ocrx_word' id='word_1_72' title='bbox 877 1739 982 1802; x_wconf 87' lang='lat' dir='ltr'><strong>haesit.</strong></span> 
     </span>
    </p>

    <p class='ocr_par' dir='ltr' id='par_1_4' title="bbox 142 1846 1101 2256">
     <span class='ocr_line' id='line_1_13' title="bbox 142 1846 1101 1916; baseline 0.001 -5"><span class='ocrx_word' id='word_1_73' title='bbox 142 1865 177 1916; x_wconf 78' lang='lat' dir='ltr'><strong>su</strong></span> <span class='ocrx_word' id='word_1_74' title='bbox 236 1849 290 1911; x_wconf 93' lang='lat' dir='ltr'><strong>llla</strong></span> <span class='ocrx_word' id='word_1_75' title='bbox 311 1849 433 1910; x_wconf 90' lang='lat' dir='ltr'><strong>iterum:</strong></span> <span class='ocrx_word' id='word_1_76' title='bbox 456 1847 521 1908; x_wconf 89' lang='lat' dir='ltr'><strong>llea</strong></span> <span class='ocrx_word' id='word_1_77' title='bbox 544 1864 614 1908; x_wconf 89' lang='lat' dir='ltr'><strong>cura</strong></span> <span class='ocrx_word' id='word_1_78' title='bbox 634 1846 706 1910; x_wconf 89' lang='lat' dir='ltr'><strong>honi</strong></span> <span class='ocrx_word' id='word_1_79' title='bbox 729 1863 794 1908; x_wconf 92' lang='lat' dir='ltr'><strong>cum</strong></span> <span class='ocrx_word' id='word_1_80' title='bbox 818 1847 978 1912; x_wconf 83' lang='lat' dir='ltr'><strong>incendere</strong></span> <span class='ocrx_word' id='word_1_81' title='bbox 1000 1869 1101 1914; x_wconf 91' lang='lat' dir='ltr'><strong>amore</strong></span> 
     </span>
     <span class='ocr_line' id='line_1_14' title="bbox 194 1956 1054 2036; baseline 0.003 -17"><span class='ocrx_word' id='word_1_82' title='bbox 194 1959 238 2021; x_wconf 82' lang='lat' dir='ltr'><strong>&#39;l&#39;e</strong></span> <span class='ocrx_word' id='word_1_83' title='bbox 261 1958 373 2021; x_wconf 85' lang='lat' dir='ltr'><strong>studuit</strong></span> <span class='ocrx_word' id='word_1_84' title='bbox 395 1957 511 2029; x_wconf 89' lang='lat' dir='ltr'><strong>summi,</strong></span> <span class='ocrx_word' id='word_1_85' title='bbox 535 1956 614 2036; x_wconf 88' lang='lat' dir='ltr'><strong>quod</strong></span> <span class='ocrx_word' id='word_1_86' title='bbox 636 1957 758 2018; x_wconf 90' lang='lat' dir='ltr'><strong>tendere</strong></span> <span class='ocrx_word' id='word_1_87' title='bbox 780 1975 841 2018; x_wconf 90' lang='lat' dir='ltr'><strong>non</strong></span> <span class='ocrx_word' id='word_1_88' title='bbox 863 1958 948 2020; x_wconf 90' lang='lat' dir='ltr'><strong>datur</strong></span> <span class='ocrx_word' id='word_1_89' title='bbox 968 1959 1054 2031; x_wconf 87' lang='lat' dir='ltr'><strong>ultra,</strong></span> 
     </span>
     <span class='ocr_line' id='line_1_15' title="bbox 192 2065 1048 2147; baseline 0 -17"><span class='ocrx_word' id='word_1_90' title='bbox 192 2067 228 2130; x_wconf 93' lang='lat' dir='ltr'><strong>lu</strong></span> <span class='ocrx_word' id='word_1_91' title='bbox 251 2067 359 2147; x_wconf 91' lang='lat' dir='ltr'><strong>quibus</strong></span> <span class='ocrx_word' id='word_1_92' title='bbox 382 2067 528 2128; x_wconf 81' lang='lat' dir='ltr'><strong>offensum</strong></span> <span class='ocrx_word' id='word_1_93' title='bbox 551 2073 597 2127; x_wconf 91' lang='lat' dir='ltr'><strong>est</strong></span> <span class='ocrx_word' id='word_1_94' title='bbox 619 2066 709 2127; x_wconf 86' lang='lat' dir='ltr'><strong>iussis</strong></span> <span class='ocrx_word' id='word_1_95' title='bbox 732 2065 795 2140; x_wconf 86' lang='lat' dir='ltr'><strong>libi,</strong></span> <span class='ocrx_word' id='word_1_96' title='bbox 819 2085 911 2145; x_wconf 85' lang='lat' dir='ltr'><strong>quave</strong></span> <span class='ocrx_word' id='word_1_97' title='bbox 934 2076 1048 2142; x_wconf 86' lang='lat' dir='ltr'><strong>catena,</strong></span> 
     </span>
     <span class='ocr_line' id='line_1_16' title="bbox 193 2175 1017 2256; baseline -0.001 -17"><span class='ocrx_word' id='word_1_98' title='bbox 193 2178 322 2240; x_wconf 88' lang='lat' dir='ltr'><strong>Prorsus</strong></span> <span class='ocrx_word' id='word_1_99' title='bbox 344 2186 378 2238; x_wconf 94' lang='lat' dir='ltr'><strong>ut</strong></span> <span class='ocrx_word' id='word_1_100' title='bbox 398 2184 492 2248; x_wconf 84' lang='lat' dir='ltr'><strong>exuta,</strong></span> <span class='ocrx_word' id='word_1_101' title='bbox 517 2194 592 2255; x_wconf 89' lang='lat' dir='ltr'><strong>quae</strong></span> <span class='ocrx_word' id='word_1_102' title='bbox 614 2176 664 2238; x_wconf 89' lang='lat' dir='ltr'><strong>dat</strong></span> <span class='ocrx_word' id='word_1_103' title='bbox 685 2175 895 2238; x_wconf 86' lang='lat' dir='ltr'><strong>transcendere</strong></span> <span class='ocrx_word' id='word_1_104' title='bbox 916 2195 1017 2256; x_wconf 89' lang='lat' dir='ltr'><strong>posse,</strong></span> 
     </span>
    </p>

    <p class='ocr_par' dir='ltr' id='par_1_5' title="bbox 142 2283 1029 2368">
     <span class='ocr_line' id='line_1_17' title="bbox 142 2283 1029 2368; baseline -0.003 -17"><span class='ocrx_word' id='word_1_105' title='bbox 142 2344 145 2352; x_wconf 76' lang='grc'>,</span> <span class='ocrx_word' id='word_1_106' title='bbox 194 2288 255 2368; x_wconf 89' lang='lat' dir='ltr'><strong>Spe</strong></span> <span class='ocrx_word' id='word_1_107' title='bbox 279 2287 323 2348; x_wconf 90' lang='lat' dir='ltr'><strong>sic</strong></span> <span class='ocrx_word' id='word_1_108' title='bbox 345 2283 512 2347; x_wconf 78' lang='lat' dir='ltr'><strong>deficeres?</strong></span> <span class='ocrx_word' id='word_1_109' title='bbox 535 2286 687 2358; x_wconf 82' lang='lat' dir='ltr'><strong>Quaenam</strong></span> <span class='ocrx_word' id='word_1_110' title='bbox 709 2285 894 2365; x_wconf 86' lang='lat' dir='ltr'><strong>compendia,</strong></span> <span class='ocrx_word' id='word_1_111' title='bbox 918 2304 1029 2364; x_wconf 82' lang='lat' dir='ltr'><strong>quosve</strong></span> 
     </span>
    </p>

    <p class='ocr_par' dir='ltr' id='par_1_6' title="bbox 138 2369 931 2568">
     <span class='ocr_line' id='line_1_18' title="bbox 138 2369 931 2476; baseline -0.003 -18"><span class='ocrx_word' id='word_1_112' title='bbox 138 2369 176 2458; x_wconf 32' lang='lat'><strong>¹25</strong></span> <span class='ocrx_word' id='word_1_113' title='bbox 193 2396 300 2458; x_wconf 86' lang='lat' dir='ltr'><strong>Vidisti</strong></span> <span class='ocrx_word' id='word_1_114' title='bbox 322 2403 462 2476; x_wconf 88' lang='lat' dir='ltr'><strong>quaestus</strong></span> <span class='ocrx_word' id='word_1_115' title='bbox 483 2396 607 2458; x_wconf 86' lang='lat' dir='ltr'><strong>aliorum</strong></span> <span class='ocrx_word' id='word_1_116' title='bbox 630 2396 660 2455; x_wconf 92' lang='lat' dir='ltr'><strong>in</strong></span> <span class='ocrx_word' id='word_1_117' title='bbox 682 2396 780 2456; x_wconf 82' lang='lat' dir='ltr'><strong>fronte</strong></span> <span class='ocrx_word' id='word_1_118' title='bbox 801 2403 931 2475; x_wconf 88' lang='lat' dir='ltr'><strong>paratos,</strong></span> 
     </span>
     <span class='ocr_line' id='line_1_19' title="bbox 193 2502 873 2568; baseline -0.003 0"><span class='ocrx_word' id='word_1_119' title='bbox 193 2507 232 2568; x_wconf 89' lang='lat' dir='ltr'><strong>Ut</strong></span> <span class='ocrx_word' id='word_1_120' title='bbox 254 2507 492 2568; x_wconf 90' lang='lat' dir='ltr'><strong>circumcursans</strong></span> <span class='ocrx_word' id='word_1_121' title='bbox 514 2505 583 2566; x_wconf 89' lang='lat' dir='ltr'><strong>illos</strong></span> <span class='ocrx_word' id='word_1_122' title='bbox 604 2513 726 2567; x_wconf 85' lang='lat' dir='ltr'><strong>renatus</strong></span> <span class='ocrx_word' id='word_1_123' title='bbox 748 2502 873 2566; x_wconf 84' lang='lat' dir='ltr'><strong>obires?</strong></span> 
     </span>
    </p>
   </div>
   <div class='ocr_carea' id='block_1_3' title="bbox 193 2613 1161 2696">
    <p class='ocr_par' dir='ltr' id='par_1_7' title="bbox 193 2613 1161 2696">
     <span class='ocr_line' id='line_1_20' title="bbox 193 2613 1161 2696; baseline -0.001 -17"><span class='ocrx_word' id='word_1_124' title='bbox 193 2616 329 2696; x_wconf 81' lang='lat' dir='ltr'><strong>lienique</strong></span> <span class='ocrx_word' id='word_1_125' title='bbox 350 2622 419 2695; x_wconf 87' lang='lat' dir='ltr'><strong>post</strong></span> <span class='ocrx_word' id='word_1_126' title='bbox 440 2615 591 2693; x_wconf 88' lang='lat' dir='ltr'><strong>gemitmn‚</strong></span> <span class='ocrx_word' id='word_1_127' title='bbox 616 2633 704 2694; x_wconf 91' lang='lat' dir='ltr'><strong>quem</strong></span> <span class='ocrx_word' id='word_1_128' title='bbox 727 2613 796 2676; x_wconf 84' lang='lat' dir='ltr'><strong>duxi</strong></span> <span class='ocrx_word' id='word_1_129' title='bbox 819 2633 854 2677; x_wconf 83' lang='lat' dir='ltr'><strong>ex</strong></span> <span class='ocrx_word' id='word_1_130' title='bbox 875 2621 1007 2695; x_wconf 87' lang='lat' dir='ltr'><strong>pectore,</strong></span> <span class='ocrx_word' id='word_1_131' title='bbox 1030 2635 1161 2678; x_wconf 90' lang='lat' dir='ltr'><strong>amarum</strong></span> 
     </span>
    </p>
   </div>
   <div class='ocr_carea' id='block_1_4' title="bbox 140 2725 1150 4450">
    <p class='ocr_par' dir='ltr' id='par_1_8' title="bbox 193 2725 986 2914">
     <span class='ocr_line' id='line_1_21' title="bbox 193 2725 986 2804; baseline -0.001 -17"><span class='ocrx_word' id='word_1_132' title='bbox 193 2727 247 2787; x_wconf 84' lang='lat' dir='ltr'><strong>Vix</strong></span> <span class='ocrx_word' id='word_1_133' title='bbox 268 2725 324 2787; x_wconf 88' lang='lat' dir='ltr'><strong>luit</strong></span> <span class='ocrx_word' id='word_1_134' title='bbox 346 2733 412 2804; x_wconf 90' lang='lat' dir='ltr'><strong>apta</strong></span> <span class='ocrx_word' id='word_1_135' title='bbox 433 2725 506 2786; x_wconf 88' lang='lat' dir='ltr'><strong>mihi</strong></span> <span class='ocrx_word' id='word_1_136' title='bbox 527 2733 583 2786; x_wconf 80' lang='lat' dir='ltr'><strong>iux</strong></span> <span class='ocrx_word' id='word_1_137' title='bbox 604 2725 796 2804; x_wconf 85' lang='lat' dir='ltr'><strong>respondere,</strong></span> <span class='ocrx_word' id='word_1_138' title='bbox 821 2742 986 2804; x_wconf 88' lang='lat' dir='ltr'><strong>sonumque</strong></span> 
     </span>
     <span class='ocr_line' id='line_1_22' title="bbox 193 2834 949 2914; baseline 0.001 -17"><span class='ocrx_word' id='word_1_139' title='bbox 193 2836 289 2914; x_wconf 80' lang='lat' dir='ltr'><strong>Aegre</strong></span> <span class='ocrx_word' id='word_1_140' title='bbox 311 2835 489 2896; x_wconf 87' lang='lat' dir='ltr'><strong>elfimerunt</strong></span> <span class='ocrx_word' id='word_1_141' title='bbox 509 2853 576 2897; x_wconf 87' lang='lat' dir='ltr'><strong>mea</strong></span> <span class='ocrx_word' id='word_1_142' title='bbox 596 2834 687 2909; x_wconf 86' lang='lat' dir='ltr'><strong>labra,</strong></span> <span class='ocrx_word' id='word_1_143' title='bbox 710 2835 873 2914; x_wconf 90' lang='lat' dir='ltr'><strong>rigantibus</strong></span> <span class='ocrx_word' id='word_1_144' title='bbox 897 2855 949 2898; x_wconf 89' lang='lat' dir='ltr'><strong>nra</strong></span> 
     </span>
    </p>

    <p class='ocr_par' dir='ltr' id='par_1_9' title="bbox 143 2943 986 3244">
     <span class='ocr_line' id='line_1_23' title="bbox 143 2943 986 3024; baseline -0.006 -14"><span class='ocrx_word' id='word_1_145' title='bbox 143 2958 176 3010; x_wconf 80' lang='lat'><strong>³0</strong></span> <span class='ocrx_word' id='word_1_146' title='bbox 192 2945 342 3018; x_wconf 86' lang='lat' dir='ltr'><strong>Fletibus,</strong></span> <span class='ocrx_word' id='word_1_147' title='bbox 365 2954 394 3006; x_wconf 88' lang='lat' dir='ltr'><strong>et</strong></span> <span class='ocrx_word' id='word_1_148' title='bbox 417 2944 491 3006; x_wconf 82' lang='lat' dir='ltr'><strong>dixi:</strong></span> <span class='ocrx_word' id='word_1_149' title='bbox 513 2944 661 3007; x_wconf 88' lang='lat' dir='ltr'><strong>Praesens</strong></span> <span class='ocrx_word' id='word_1_150' title='bbox 683 2943 757 3006; x_wconf 89' lang='lat' dir='ltr'><strong>mihi</strong></span> <span class='ocrx_word' id='word_1_151' title='bbox 779 2945 865 3024; x_wconf 90' lang='lat' dir='ltr'><strong>copia</strong></span> <span class='ocrx_word' id='word_1_152' title='bbox 886 2963 986 3007; x_wconf 87' lang='lat' dir='ltr'><strong>rerum</strong></span> 
     </span>
     <span class='ocr_line' id='line_1_24' title="bbox 192 3053 845 3135; baseline 0 -20"><span class='ocrx_word' id='word_1_153' title='bbox 192 3055 305 3116; x_wconf 76' lang='lat' dir='ltr'><strong>Avertit</strong></span> <span class='ocrx_word' id='word_1_154' title='bbox 326 3054 431 3116; x_wconf 89' lang='lat' dir='ltr'><strong>ludens</strong></span> <span class='ocrx_word' id='word_1_155' title='bbox 454 3053 527 3116; x_wconf 88' lang='lat' dir='ltr'><strong>lalsa</strong></span> <span class='ocrx_word' id='word_1_156' title='bbox 548 3053 706 3118; x_wconf 91' lang='lat' dir='ltr'><strong>dulcedine</strong></span> <span class='ocrx_word' id='word_1_157' title='bbox 728 3073 845 3135; x_wconf 88' lang='lat' dir='ltr'><strong>passus,</strong></span> 
     </span>
     <span class='ocr_line' id='line_1_25' title="bbox 191 3162 925 3244; baseline -0.003 -18"><span class='ocrx_word' id='word_1_158' title='bbox 191 3164 239 3226; x_wconf 89' lang='lat' dir='ltr'><strong>lle</strong></span> <span class='ocrx_word' id='word_1_159' title='bbox 261 3164 439 3244; x_wconf 89' lang='lat' dir='ltr'><strong>simulatque</strong></span> <span class='ocrx_word' id='word_1_160' title='bbox 461 3165 502 3226; x_wconf 94' lang='lat' dir='ltr'><strong>tui</strong></span> <span class='ocrx_word' id='word_1_161' title='bbox 525 3162 608 3226; x_wconf 88' lang='lat' dir='ltr'><strong>latuit</strong></span> <span class='ocrx_word' id='word_1_162' title='bbox 627 3165 802 3244; x_wconf 83' lang='lat' dir='ltr'><strong>praesentia</strong></span> <span class='ocrx_word' id='word_1_163' title='bbox 817 3163 925 3225; x_wconf 82' lang='lat' dir='ltr'><strong>vultus.</strong></span> 
     </span>
    </p>

    <p class='ocr_par' dir='ltr' id='par_1_10' title="bbox 234 3273 985 3349">
     <span class='ocr_line' id='line_1_26' title="bbox 234 3273 985 3349; baseline -0.005 -13"><span class='ocrx_word' id='word_1_164' title='bbox 234 3273 288 3336; x_wconf 94' lang='lat' dir='ltr'><strong>llla</strong></span> <span class='ocrx_word' id='word_1_165' title='bbox 309 3273 396 3334; x_wconf 90' lang='lat' dir='ltr'><strong>mihi:</strong></span> <span class='ocrx_word' id='word_1_166' title='bbox 421 3273 560 3348; x_wconf 82' lang='lat' dir='ltr'><strong>Quamvis</strong></span> <span class='ocrx_word' id='word_1_167' title='bbox 582 3273 738 3347; x_wconf 83' lang='lat' dir='ltr'><strong>tacuisses,</strong></span> <span class='ocrx_word' id='word_1_168' title='bbox 761 3273 822 3334; x_wconf 87' lang='lat' dir='ltr'><strong>sive</strong></span> <span class='ocrx_word' id='word_1_169' title='bbox 843 3289 985 3349; x_wconf 85' lang='lat' dir='ltr'><strong>negasses</strong></span> 
     </span>
    </p>

    <p class='ocr_par' dir='ltr' id='par_1_11' title="bbox 193 3381 1014 3456">
     <span class='ocr_line' id='line_1_27' title="bbox 193 3381 1014 3456; baseline 0.001 -12"><span class='ocrx_word' id='word_1_170' title='bbox 193 3383 276 3455; x_wconf 85' lang='lat' dir='ltr'><strong>Quae</strong></span> <span class='ocrx_word' id='word_1_171' title='bbox 298 3399 378 3445; x_wconf 91' lang='lat' dir='ltr'><strong>nunc</strong></span> <span class='ocrx_word' id='word_1_172' title='bbox 400 3401 433 3445; x_wconf 86' lang='lat' dir='ltr'><strong>es</strong></span> <span class='ocrx_word' id='word_1_173' title='bbox 455 3383 563 3456; x_wconf 88' lang='lat' dir='ltr'><strong>lassus,</strong></span> <span class='ocrx_word' id='word_1_174' title='bbox 586 3401 647 3446; x_wconf 86' lang='lat' dir='ltr'><strong>non</strong></span> <span class='ocrx_word' id='word_1_175' title='bbox 670 3389 772 3446; x_wconf 89' lang='lat' dir='ltr'><strong>essent</strong></span> <span class='ocrx_word' id='word_1_176' title='bbox 792 3381 917 3444; x_wconf 88' lang='lat' dir='ltr'><strong>crimina</strong></span> <span class='ocrx_word' id='word_1_177' title='bbox 938 3381 1014 3445; x_wconf 87' lang='lat' dir='ltr'><strong>ritas</strong></span> 
     </span>
    </p>

    <p class='ocr_par' dir='ltr' id='par_1_12' title="bbox 142 3490 1150 4012">
     <span class='ocr_line' id='line_1_28' title="bbox 142 3490 997 3573; baseline -0.005 -17"><span class='ocrx_word' id='word_1_178' title='bbox 142 3503 174 3556; x_wconf 74' lang='lat'><strong>³5</strong></span> <span class='ocrx_word' id='word_1_179' title='bbox 190 3491 268 3554; x_wconf 86' lang='lat' dir='ltr'><strong>Nota</strong></span> <span class='ocrx_word' id='word_1_180' title='bbox 290 3493 387 3556; x_wconf 75' lang='lat' dir='ltr'><strong>lumea</strong></span> <span class='ocrx_word' id='word_1_181' title='bbox 409 3491 525 3568; x_wconf 90' lang='lat' dir='ltr'><strong>minus;</strong></span> <span class='ocrx_word' id='word_1_182' title='bbox 548 3492 604 3555; x_wconf 87' lang='lat' dir='ltr'><strong>sub</strong></span> <span class='ocrx_word' id='word_1_183' title='bbox 626 3490 677 3554; x_wconf 85' lang='lat' dir='ltr'><strong>uli</strong></span> <span class='ocrx_word' id='word_1_184' title='bbox 698 3493 773 3554; x_wconf 89' lang='lat' dir='ltr'><strong>haee</strong></span> <span class='ocrx_word' id='word_1_185' title='bbox 790 3491 891 3573; x_wconf 90' lang='lat' dir='ltr'><strong>judice</strong></span> <span class='ocrx_word' id='word_1_186' title='bbox 913 3492 997 3553; x_wconf 84' lang='lat' dir='ltr'><strong>dunt.</strong></span> 
     </span>
     <span class='ocr_line' id='line_1_29' title="bbox 191 3601 1058 3682; baseline -0.001 -18"><span class='ocrx_word' id='word_1_187' title='bbox 191 3603 253 3664; x_wconf 89' lang='lat' dir='ltr'><strong>Sed</strong></span> <span class='ocrx_word' id='word_1_188' title='bbox 275 3601 400 3664; x_wconf 90' lang='lat' dir='ltr'><strong>simulac</strong></span> <span class='ocrx_word' id='word_1_189' title='bbox 420 3603 542 3682; x_wconf 87' lang='lat' dir='ltr'><strong>proprio</strong></span> <span class='ocrx_word' id='word_1_190' title='bbox 565 3602 693 3682; x_wconf 89' lang='lat' dir='ltr'><strong>erumpit</strong></span> <span class='ocrx_word' id='word_1_191' title='bbox 714 3620 769 3663; x_wconf 88' lang='lat' dir='ltr'><strong>vex</strong></span> <span class='ocrx_word' id='word_1_192' title='bbox 791 3619 843 3663; x_wconf 88' lang='lat' dir='ltr'><strong>ore</strong></span> <span class='ocrx_word' id='word_1_193' title='bbox 865 3619 1000 3682; x_wconf 89' lang='lat' dir='ltr'><strong>genaque</strong></span> <span class='ocrx_word' id='word_1_194' title='bbox 1055 3651 1058 3670; x_wconf 80' lang='grc'>,</span> 
     </span>
     <span class='ocr_line' id='line_1_30' title="bbox 191 3712 935 3782; baseline -0.004 -5"><span class='ocrx_word' id='word_1_195' title='bbox 191 3716 267 3777; x_wconf 90' lang='lat' dir='ltr'><strong>Sese</strong></span> <span class='ocrx_word' id='word_1_196' title='bbox 289 3712 463 3782; x_wconf 88' lang='lat' dir='ltr'><strong>incusantis,</strong></span> <span class='ocrx_word' id='word_1_197' title='bbox 485 3720 547 3774; x_wconf 93' lang='lat' dir='ltr'><strong>tum</strong></span> <span class='ocrx_word' id='word_1_198' title='bbox 571 3731 603 3774; x_wconf 92' lang='lat' dir='ltr'><strong>se</strong></span> <span class='ocrx_word' id='word_1_199' title='bbox 625 3720 690 3774; x_wconf 93' lang='lat' dir='ltr'><strong>rota</strong></span> <span class='ocrx_word' id='word_1_200' title='bbox 711 3712 800 3774; x_wconf 85' lang='lat' dir='ltr'><strong>vertit</strong></span> <span class='ocrx_word' id='word_1_201' title='bbox 821 3719 935 3774; x_wconf 84' lang='lat' dir='ltr'><strong>acutam</strong></span> 
     </span>
     <span class='ocr_line' id='line_1_31' title="bbox 192 3820 1150 3901; baseline -0.003 -16"><span class='ocrx_word' id='word_1_202' title='bbox 192 3823 302 3885; x_wconf 83' lang='lat' dir='ltr'><strong>Contra</strong></span> <span class='ocrx_word' id='word_1_203' title='bbox 324 3821 419 3883; x_wconf 89' lang='lat' dir='ltr'><strong>aciem</strong></span> <span class='ocrx_word' id='word_1_204' title='bbox 441 3837 534 3898; x_wconf 87' lang='lat' dir='ltr'><strong>regno</strong></span> <span class='ocrx_word' id='word_1_205' title='bbox 555 3822 587 3883; x_wconf 90' lang='lat' dir='ltr'><strong>iu</strong></span> <span class='ocrx_word' id='word_1_206' title='bbox 608 3829 724 3884; x_wconf 84' lang='lat' dir='ltr'><strong>nostre.</strong></span> <span class='ocrx_word' id='word_1_207' title='bbox 768 3821 889 3894; x_wconf 84' lang='lat' dir='ltr'><strong>Tamen,</strong></span> <span class='ocrx_word' id='word_1_208' title='bbox 911 3828 945 3882; x_wconf 88' lang='lat' dir='ltr'><strong>ut</strong></span> <span class='ocrx_word' id='word_1_209' title='bbox 965 3820 1064 3901; x_wconf 89' lang='lat' dir='ltr'><strong>pudnr</strong></span> <span class='ocrx_word' id='word_1_210' title='bbox 1083 3830 1150 3882; x_wconf 88' lang='lat' dir='ltr'><strong>urat</strong></span> 
     </span>
     <span class='ocr_line' id='line_1_32' title="bbox 191 3930 962 4012; baseline -0.001 -19"><span class='ocrx_word' id='word_1_211' title='bbox 191 3933 235 3993; x_wconf 82' lang='lat' dir='ltr'><strong>&#39;l&#39;e</strong></span> <span class='ocrx_word' id='word_1_212' title='bbox 257 3930 374 4005; x_wconf 89' lang='lat' dir='ltr'><strong>melius,</strong></span> <span class='ocrx_word' id='word_1_213' title='bbox 395 3930 549 4012; x_wconf 85' lang='lat' dir='ltr'><strong>validaque</strong></span> <span class='ocrx_word' id='word_1_214' title='bbox 571 3931 665 4009; x_wconf 90' lang='lat' dir='ltr'><strong>magis</strong></span> <span class='ocrx_word' id='word_1_215' title='bbox 686 3932 792 3995; x_wconf 82' lang='lat' dir='ltr'><strong>virtute</strong></span> <span class='ocrx_word' id='word_1_216' title='bbox 813 3947 962 4012; x_wconf 87' lang='lat' dir='ltr'><strong>repugnes</strong></span> 
     </span>
    </p>

    <p class='ocr_par' dir='ltr' id='par_1_13' title="bbox 140 4040 1040 4450">
     <span class='ocr_line' id='line_1_33' title="bbox 140 4040 890 4120; baseline -0.011 -12"><span class='ocrx_word' id='word_1_217' title='bbox 140 4056 175 4108; x_wconf 79' lang='lat'><strong>4⁰</strong></span> <span class='ocrx_word' id='word_1_218' title='bbox 192 4041 331 4103; x_wconf 88' lang='lat' dir='ltr'><strong>Sirenum</strong></span> <span class='ocrx_word' id='word_1_219' title='bbox 353 4041 427 4114; x_wconf 87' lang='lat' dir='ltr'><strong>roci,</strong></span> <span class='ocrx_word' id='word_1_220' title='bbox 449 4040 638 4104; x_wconf 88' lang='lat' dir='ltr'><strong>lacrimarum</strong></span> <span class='ocrx_word' id='word_1_221' title='bbox 659 4041 772 4103; x_wconf 90' lang='lat' dir='ltr'><strong>semina</strong></span> <span class='ocrx_word' id='word_1_222' title='bbox 795 4059 890 4120; x_wconf 83' lang='lat' dir='ltr'><strong>pone3</strong></span> 
     </span>
     <span class='ocr_line' id='line_1_34' title="bbox 190 4151 989 4231; baseline 0 -19"><span class='ocrx_word' id='word_1_223' title='bbox 190 4151 277 4218; x_wconf 80' lang='lat' dir='ltr'><strong>ludi.</strong></span> <span class='ocrx_word' id='word_1_224' title='bbox 300 4159 330 4212; x_wconf 90' lang='lat' dir='ltr'><strong>et</strong></span> <span class='ocrx_word' id='word_1_225' title='bbox 352 4151 396 4212; x_wconf 89' lang='lat' dir='ltr'><strong>sic</strong></span> <span class='ocrx_word' id='word_1_226' title='bbox 418 4151 526 4224; x_wconf 90' lang='lat' dir='ltr'><strong>disces,</strong></span> <span class='ocrx_word' id='word_1_227' title='bbox 550 4169 608 4231; x_wconf 93' lang='lat' dir='ltr'><strong>quo</strong></span> <span class='ocrx_word' id='word_1_228' title='bbox 631 4158 660 4214; x_wconf 88' lang='lat' dir='ltr'><strong>te</strong></span> <span class='ocrx_word' id='word_1_229' title='bbox 682 4151 712 4212; x_wconf 89' lang='lat' dir='ltr'><strong>in</strong></span> <span class='ocrx_word' id='word_1_230' title='bbox 736 4151 882 4212; x_wconf 89' lang='lat' dir='ltr'><strong>centraria</strong></span> <span class='ocrx_word' id='word_1_231' title='bbox 903 4159 989 4230; x_wconf 87' lang='lat' dir='ltr'><strong>pacto</strong></span> 
     </span>
     <span class='ocr_line' id='line_1_35' title="bbox 190 4259 1028 4340; baseline -0.001 -18"><span class='ocrx_word' id='word_1_232' title='bbox 190 4261 306 4322; x_wconf 87' lang='lat' dir='ltr'><strong>Ducere</strong></span> <span class='ocrx_word' id='word_1_233' title='bbox 329 4260 470 4324; x_wconf 89' lang='lat' dir='ltr'><strong>debuerat</strong></span> <span class='ocrx_word' id='word_1_234' title='bbox 492 4279 559 4323; x_wconf 86' lang='lat' dir='ltr'><strong>cum</strong></span> <span class='ocrx_word' id='word_1_235' title='bbox 581 4278 669 4322; x_wconf 91' lang='lat' dir='ltr'><strong>carne</strong></span> <span class='ocrx_word' id='word_1_236' title='bbox 691 4260 765 4322; x_wconf 92' lang='lat' dir='ltr'><strong>haec</strong></span> <span class='ocrx_word' id='word_1_237' title='bbox 786 4261 881 4322; x_wconf 82' lang='lat' dir='ltr'><strong>ferma</strong></span> <span class='ocrx_word' id='word_1_238' title='bbox 903 4259 1028 4340; x_wconf 89' lang='lat' dir='ltr'><strong>sepulta.</strong></span> 
     </span>
     <span class='ocr_line' id='line_1_36' title="bbox 190 4369 1040 4450; baseline -0.001 -19"><span class='ocrx_word' id='word_1_239' title='bbox 190 4370 275 4432; x_wconf 89' lang='lat' dir='ltr'><strong>llaud</strong></span> <span class='ocrx_word' id='word_1_240' title='bbox 299 4388 429 4450; x_wconf 90' lang='lat' dir='ltr'><strong>unquam</strong></span> <span class='ocrx_word' id='word_1_241' title='bbox 451 4371 549 4433; x_wconf 86' lang='lat' dir='ltr'><strong>oblata</strong></span> <span class='ocrx_word' id='word_1_242' title='bbox 571 4378 616 4432; x_wconf 91' lang='lat' dir='ltr'><strong>est</strong></span> <span class='ocrx_word' id='word_1_243' title='bbox 637 4377 759 4432; x_wconf 89' lang='lat' dir='ltr'><strong>naturae</strong></span> <span class='ocrx_word' id='word_1_244' title='bbox 781 4389 902 4433; x_wconf 90' lang='lat' dir='ltr'><strong>munere</strong></span> <span class='ocrx_word' id='word_1_245' title='bbox 925 4377 955 4432; x_wconf 89' lang='lat' dir='ltr'><strong>et</strong></span> <span class='ocrx_word' id='word_1_246' title='bbox 971 4369 1040 4431; x_wconf 89' lang='lat' dir='ltr'><strong>artis</strong></span> 
     </span>
    </p>
   </div>
   <div class='ocr_carea' id='block_1_5' title="bbox 192 4478 1125 4633">
    <p class='ocr_par' dir='ltr' id='par_1_14' title="bbox 192 4478 1125 4633">
     <span class='ocr_line' id='line_1_37' title="bbox 192 4478 932 4562; baseline 0.001 -23"><span class='ocrx_word' id='word_1_247' title='bbox 192 4478 285 4542; x_wconf 83' lang='lat' dir='ltr'><strong>Tanta</strong></span> <span class='ocrx_word' id='word_1_248' title='bbox 306 4479 466 4562; x_wconf 81' lang='lat' dir='ltr'><strong>voluptatis</strong></span> <span class='ocrx_word' id='word_1_249' title='bbox 488 4480 542 4542; x_wconf 90' lang='lat' dir='ltr'><strong>tibi</strong></span> <span class='ocrx_word' id='word_1_250' title='bbox 565 4481 661 4560; x_wconf 89' lang='lat' dir='ltr'><strong>copia,</strong></span> <span class='ocrx_word' id='word_1_251' title='bbox 685 4491 794 4558; x_wconf 88' lang='lat' dir='ltr'><strong>quanta</strong></span> <span class='ocrx_word' id='word_1_252' title='bbox 814 4479 932 4541; x_wconf 77' lang='lat' dir='ltr'><strong>refulsit</strong></span> 
     </span>
     <span class='ocr_line' id='line_1_38' title="bbox 1095 4582 1125 4633; baseline 0.033 -1"><span class='ocrx_word' id='word_1_253' title='bbox 1095 4582 1125 4633; x_wconf 87' lang='grc'><strong>17</strong></span> 
     </span>
    </p>
   </div>
   <div class='ocr_carea' id='block_1_6' title="bbox 0 0 1622 5396">
    <p class='ocr_par' dir='ltr' id='par_1_15' title="bbox 0 0 1622 5396">
     <span class='ocr_line' id='line_1_39' title="bbox 0 0 1622 5396; baseline 0 0"><span class='ocrx_word' id='word_1_254' title='bbox 0 0 1622 5396; x_wconf 95' lang='lat' dir='ltr'><strong> </strong></span> 
     </span>
    </p>
   </div>
  </div>
 </body>
</html>
