3214 5400
132 445 905 460 -——-——-.-—-----...----.-—--.-—-n--———.—„
929 453 944 460 ,
1014 455 1034 460 ,-

605 505 786 554 runcrroau
803 505 826 554 v.
980 517 982 524 >
1228 509 1286 571 153

115 595 1149 666 q--fflm-MQ.
1196 603 1204 614 .

115 678 117 708 i

114 716 116 775 i
224 722 262 782 Et
285 721 367 793 sine,
391 722 470 801 quod
493 721 598 794 libeat,
621 732 691 802 post
712 731 813 801 tergus
835 724 934 786 dicere
957 725 1071 801 vulgus.

224 831 275 892 Sta
297 829 386 892 veluti
409 831 514 904 turris,
540 849 614 912 quae
637 832 759 894 immoto
782 835 893 895 vertice
916 853 1077 913 nunquam,

225 940 303 1012 Quid
326 941 423 1020 possit
443 941 571 1013 Boreas,
595 941 708 1002 didicit.
752 943 826 1004 Nam
848 961 982 1022 semper,
1006 944 1057 1006 ubi
1079 965 1147 1016 una,

177 1064 208 1116 15
223 1051 321 1130 Atque
344 1051 400 1112 alia
423 1062 509 1130 etque
531 1051 588 1112 alia
610 1052 721 1112 invadit
741 1053 917 1130 praecordia
940 1071 1019 1122 cura,

224 1145 326 1237 Longe
349 1180 365 1220 a
387 1161 541 1239 proposito
564 1162 672 1233 iertur,
697 1162 779 1240 quia,
804 1161 854 1222 ubi
877 1163 966 1224 altera
989 1165 1095 1241 gliscit,

224 1268 322 1331 Altera
342 1269 489 1332 lentescit.
514 1301 554 1314 -
576 1271 663 1332 Potui
686 1270 728 1330 nil
750 1271 850 1331 dicere
873 1283 983 1344 corrue,

224 1377 288 1440 Hoc
311 1397 370 1440 uno
393 1389 536 1458 excepto:
560 1379 667 1442 Venio!
693 1380 724 1441 id
747 1380 822 1450 dixi,
846 1399 898 1440 ora
921 1382 1021 1442 colore

114 1519 117 1558 ε
224 1487 315 1549 Valde
337 1507 533 1568 conspersuS,
558 1507 616 1568 quo
639 1490 683 1551 vir
705 1491 884 1569 quandoque
906 1497 1042 1569 repertus

114 1561 117 1682 i
176 1617 208 1666 20
224 1597 277 1658 Est
299 1597 407 1674 dignus
429 1599 522 1660 venia.
543 1599 721 1660 -Interea
744 1607 910 1662 transversa
932 1598 1064 1679 legentes

114 1683 117 1744 i
225 1706 313 1780 Ciivi,
336 1726 408 1786 prae
430 1708 517 1768 nobis
540 1709 660 1787 paulum
682 1709 771 1786 longo
794 1709 898 1770 ordine
921 1718 1027 1786 gentes

225 1816 323 1890 Ibant,
346 1835 400 1896 pro
423 1832 511 1879 versu
531 1835 650 1878 versum
673 1817 817 1880 Miserere
839 1820 973 1880 canendo

114 1926 116 1934 “
224 1925 404 1988 Reddentes.
446 1928 482 1988 At
504 1927 554 1988 abi
577 1927 671 1988 sensit
692 1945 740 1988 me
762 1927 848 1988 turba
870 1935 1017 1990 vetantem

224 2036 282 2098 Per
304 2053 413 2114 corpus
435 2037 561 2098 transire
583 2055 697 2110 meum,
721 2051 795 2115 quae
819 2037 932 2114 spicula
955 2039 1043 2100 mittit

176 2145 292 2218 25801,
316 2146 513 2226 interruptam
534 2152 685 2210 mutarunt
708 2159 827 2207 cannen
849 2147 880 2206 in
902 2165 992 2209 unum

228 2249 293 2317 Oi!
314 2254 436 2332 longum
458 2273 640 2334 raucumque
662 2255 784 2318 sonans.
827 2256 880 2317 Ast
901 2258 1016 2335 agmine
1039 2259 1102 2320 bini

224 2366 268 2426 Ex
288 2365 357 2439 ilio,
380 2366 430 2444 qui
452 2385 484 2427 se
506 2366 623 2442 legatos
645 2383 697 2428 ore
719 2365 861 2438 ferebant,

39 2485 40 2492 ’
113 2555 115 2572 Ι
227 2474 391 2536 Occurrere
413 2475 502 2537 simul
524 2475 611 2536 nohis
634 2483 757 2537 atroce
778 2482 937 2553 rogarunt:

227 2585 308 2658 Quae
331 2585 369 2645 sit
391 2585 522 2646 conditio
543 2585 629 2646 vohis
652 2585 789 2658 decreta,
812 2585 928 2647 docete.

178 2709 210 2760 ³0
266 2698 363 2774 Atque
384 2711 468 2756 meus
491 2695 611 2756 doctor:
632 2695 698 2756 ianr
719 2694 805 2756 robis
827 2695 872 2756 ire
893 2694 1004 2767 licebit,

224 2806 320 2886 Atque
342 2805 404 2878 his,
427 2804 478 2884 qui
501 2803 633 2873 mittunt,
657 2804 761 2866 eedem
783 2805 857 2866 haec
878 2822 1024 2886 responsa
1046 2805 1174 2868 reione:

224 2914 321 2997 Hujus
343 2915 441 2976 adhuc
463 2927 572 2993 corpus
594 2929 663 2974 vera
685 2914 855 2976 coalescere
878 2931 983 2989 came;

226 3025 318 3106 Cujus
340 3033 372 3085 ut
393 3021 553 3103 inspiciant
573 3022 724 3097 umbram,
748 3024 774 3085 si
796 3025 874 3086 forte
896 3033 1014 3095 stetere,

224 3135 368 3207 Ut-reor,
390 3133 466 3194 haec
487 3133 560 3194 satis
582 3140 630 3193 est
650 3133 710 3222 iilis
732 3147 877 3212 responsa
900 3133 1041 3206 dedisse3

177 3249 208 3302 35
224 3243 286 3324 ipsi
308 3242 453 3304 habeatur
473 3243 583 3315 honor,
608 3243 687 3322 quod
710 3263 762 3306 eas
784 3244 910 3304 tortasse
928 3242 1049 3323 juvabit.

266 3355 418 3420 Accensos
439 3367 605 3431 nunquam,
627 3362 715 3414 nocte
737 3352 941 3428 incumbente,
964 3369 1090 3430 vapores

226 3463 299 3524 Tam
322 3464 380 3524 cito
402 3479 457 3540 ego
478 3463 538 3523 ridi
559 3463 668 3523 sudum
690 3462 847 3524 diffindere
869 3460 994 3533 coelum,

225 3573 284 3636 Aut
304 3590 408 3637 mense
429 3573 555 3648 Augusti
577 3571 688 3646 nubea,
708 3572 769 3652 jem
792 3572 855 3633 sole
878 3570 1010 3641 cadente,

227 3684 322 3757 Quam
344 3681 432 3744 citius
453 3682 582 3742 reditum
603 3682 634 3742 hi
656 3681 777 3743 tulerint
798 3680 849 3742 alti
872 3679 908 3741 ad
929 3680 999 3761 Juga
1021 3680 1149 3755 montis,

176 3802 210 3854 eo
225 3793 321 3873 Atque
341 3793 393 3853 uhi
414 3799 589 3871 perventum
611 3799 657 3853 est
678 3791 762 3866 iiiuc,
786 3791 945 3853 comitante
967 3798 1084 3852 caterva

226 3903 379 3964 Advenere
401 3919 454 3963 sue
476 3901 621 3980 regressi,
645 3909 677 3962 ut
698 3902 764 3964 insa
784 3900 850 3962 sine
873 3899 933 3961 uiio

228 3995 327 4074 Turba
351 4012 412 4074 ruit
434 4013 552 4073 irene«
574 4010 656 4084 Quae
679 4029 713 4071 se
735 4010 973 4088 agglomeratque
995 4008 1171 4088 premitque,

226 4122 269 4183 Ad
292 4141 348 4183 nos
372 4121 531 4194 iestinens,
555 4135 678 4182 numere
701 4138 774 4198 gens
794 4119 922 4199 piurima
945 4117 1108 4192 abundat*

226 4232 264 4292 iit
284 4228 366 4292 venit
387 4238 518 4303 oratum,
541 4238 622 4292 vates
645 4230 778 4302 diceban
801 4237 832 4290 at
853 4228 919 4306 ipse

173 4352 208 4404 tt
225 4341 268 4402 Ne
290 4348 389 4403 tamen
411 4341 455 4403 ire
478 4341 555 4402 viam
576 4340 689 4402 desiste
711 4338 842 4418 audique
860 4344 1008 4415 rogantes,

224 4451 291 4512 Non
314 4449 480 4531 interrupto
503 4465 604 4512 cursu.
648 4445 708 4521 Tu,
733 4429 951 4528 quae'artuhue
974 4445 1042 4517 iilis,

114 807 117 916 i

115 983 117 1061 i

115 1068 118 1146 i

115 1193 117 1236 i

115 1237 117 1303 i

114 1419 117 1510 i
