3362 5414
813 533 984 585 Praesumo.

402 714 536 778 Sontes?
557 716 618 779 beu
639 715 795 780 miseram!
819 716 935 796 gravius
958 735 1086 780 nocuere
1109 728 1252 782 remotae.

401 817 502 879 Altera
525 818 656 896 singultu
678 818 783 881 crebro
806 818 876 879 dum
898 817 968 880 talia
991 819 1078 893 latiur,

338 929 385 979 140
401 919 501 980 Altera
523 920 681 982 conficitur
701 919 832 980 lacrimis
854 919 1035 981 undantibus
1057 921 1169 984 umbra.
1216 959 1218 966 ·

402 1020 486 1081 Tunc
508 1039 563 1099 ego
586 1021 676 1082 multa
699 1039 831 1098 gemens,
855 1031 965 1082 sortem
988 1019 1148 1085 miseratus
1171 1023 1309 1086 acerbam

402 1121 554 1199 Languida
577 1122 697 1184 letifero
720 1121 874 1182 districtus
896 1130 1019 1199 pectora
1041 1141 1153 1198 morsu,

403 1217 552 1296 Collab'or,
575 1224 663 1284 veluti
688 1222 788 1283 subito
811 1239 899 1300 quem
920 1221 980 1283 vita
1003 1223 1135 1303 reliquit.

729 1450 1072 1462 m

381 1659 452 1732 Alia
478 1659 628 1755 ejusdem
654 1659 775 1730 saeculi
801 1659 909 1731 versio
937 1660 977 1732 ad
1004 1660 1093 1732 huno
1119 1685 1225 1757 usque
1243 1657 1330 1734 diem
1347 1663 1381 1734 in
1407 1663 1524 1738 biblio·

281 1778 375 1850 theca
402 1777 579 1850 Seminarii
605 1775 788 1848 Florentini
817 1776 907 1873 jacet
939 1779 1073 1850 inedita.
1133 1779 1329 1852 Versionem
1362 1783 1435 1856 dico
1463 1785 1524 1857 Go-

263 1922 348 1976 ‚srur
375 1921 482 1969 noum
509 1897 711 1989 Solensem,
745 1896 801 1992 qui
828 1897 908 1968 vixit
933 1896 1021 1968 inter
1046 1921 1151 1968 annos
1180 1900 1339 1973 172011
1366 1902 1523 1998 17781),

281 2015 434 2110 elegiacis
472 2014 623 2086 versibus
663 2039 731 2088 non
772 2014 976 2108 ineleganter
1011 2016 1226 2112 compositam
1259 2027 1292 2090 et
1325 2019 1524 2094 sententiam

280 2133 423 2206 auctoris
450 2133 634 2204 accuratius
661 2139 757 2231 quam
785 2132 936 2229 superior
968 2133 1023 2204 illa
1051 2134 1157 2206 Caroli
1183 2135 1357 2232 Aquinatis
1383 2139 1524 2210 redden·

280 2260 358 2341 tem,
387 2249 480 2344 cujus
506 2252 685 2348 specimina
713 2250 934 2323 exbibuerunt
947 2251 1125 2324 Memoriae
1153 2251 1329 2327 historicae
1357 2257 1524 2330 societatis

281 2367 507 2440 Columbariae
532 2393 564 2465 p.
580 2369 744 2461 95—98,
772 2379 816 2459 et,
845 2369 885 2440 ad
914 2392 1010 2463 quem
1034 2369 1103 2466 jain
1121 2353 1381 2468 provocavimus,
1399 2375 1523 2448 llledio·

278 2485 425 2583 lanensis
450 2486 676 2585 Polygraphus
702 2512 735 2583 p.
762 2489 849 2584 328,
877 2489 926 2562 29
938 2491 1009 2582 aa).
1114 2479 1118 2484 ⁵

404 2656 478 2718 Tum
500 2655 576 2722 vatia
599 2675 617 2717 o
640 2655 729 2717 lioeat
751 2658 884 2735 geminas
906 2655 1026 2718 allarier
1046 2656 1175 2729 umbras,

353 2775 385 2824 75
487 2758 551 2822 Una
573 2765 632 2818 tam
654 2757 758 2837 rapide
781 2777 855 2837 quas
878 2759 940 2820 lesa
963 2766 1060 2838 raptat
1081 2759 1194 2837 hyems.

401 2857 568 2920 Hiomibi:
593 2877 683 2937 quum
705 2859 830 2939 propius
852 2849 978 2931 fuerint,
1001 2859 1058 2920 bos
1081 2860 1202 2935 advoca,
1225 2861 1393 2940 elingens,

487 2959 546 3032 Qui
568 2961 710 3022 transient
730 2960 867 3034 miseros,
890 2962 947 3022 bos
969 2960 1023 3022 tibi
1045 2961 1133 3022 sistet
1154 2981 1248 3024 amor.

352 3079 384 3128 80
403 3059 478 3120 Tum
501 3061 589 3122 simul
611 3061 667 3122 bos
690 3060 778 3122 nobis
800 3062 887 3122 turbo
910 3063 1008 3134 ollert,
1032 3062 1158 3136 silicet,
1182 3061 1314 3143 inquam,
1383 3054 1387 3058 ’

484 3162 543 3222 Vos
566 3169 710 3236 nostrum,
733 3163 845 3236 mane's,
869 3162 966 3224 sistite
988 3164 1026 3224 ad
1048 3162 1220 3243 alloquium.

400 3263 437 3323 Ut
458 3262 538 3324 volat
559 3263 754 3339 erectis'alis,
776 3263 930 3343 firmisque
953 3264 1090 3336 columba

478 3363 529 3424 nd
551 3364 653 3426 nidum
675 3366 798 3444 cupiens
821 3366 897 3428 laeta
919 3364 1084 3444 volensque
1107 3385 1211 3442 suum;

350 3471 381 3520 85
399 3465 474 3526 Aera
496 3484 551 3544 per
572 3474 680 3527 tetrum
703 3463 747 3528 sic
768 3467 834 3540 bae,
857 3467 974 3528 Didone
995 3466 1109 3540 relicta,

483 3566 523 3626 Se
545 3567 656 3627 teneris
678 3575 832 3645 praestant
850 3566 976 3629 vocibus
997 3567 1163 3632 unanimes.
1215 3573 1220 3582 ’

400 3665 424 3726 Ο
447 3665 535 3740 bone,
560 3668 610 3745 qui
632 3666 761 3728 miseros
782 3686 838 3746 per
860 3667 1054 3727 subterranea
1076 3667 1160 3742 visis,
1184 3699 1188 3706 -

349 3791 381 3840 90
484 3767 617 3839 Quorum
640 3768 717 3827 forte
740 3775 770 3828 et
791 3768 888 3830 adbuc
911 3767 1055 3845 sanguine
1079 3774 1157 3830 terra
1178 3769 1275 3834 rubet.

399 3866 520 3940 Taedet,
545 3866 582 3928 ab
604 3868 691 3930 hoste
714 3868 786 3942 deo,
810 3869 880 3930 dnm
903 3868 948 3929 sic
969 3867 1114 3932 miserare
1136 3871 1282 3945 dolentes,
1347 3879 1350 3885 '

484 3969 571 4042 Quod
593 3977 697 4048 petere
718 3968 798 4030 baud
820 3969 910 4030 liceat
931 3983 1075 4049 prospera
1097 3980 1202 4034 ounota
1225 3973 1290 4034 tibi.
1335 3989 1339 3996 ’

347 4088 379 4138 95
399 4070 486 4143 Quod
508 4070 603 4144 datur,
627 4071 750 4132 alternis
772 4070 971 4145 sermonibus,
994 4079 1028 4134 ut
1048 4072 1154 4151 placet,
1177 4073 1256 4135 ultro

474 4171 615 4251 Citroque
637 4180 765 4258 utamur,
788 4173 858 4234 dum
883 4172 956 4235 sinit
980 4191 1050 4234 aura
1073 4182 1186 4237 tacens.

341 4425 366 4487 *l
384 4425 553 4489 Biograpbicas
577 4425 666 4475 Cosimi
693 4427 788 4476 notitias
807 4425 871 4477 dedit
894 4428 1056 4492 Polygraphus
1078 4428 1266 4488 Mediolanensis
1284 4429 1343 4478 dnn.
1363 4429 1403 4478 lll.
1422 4427 1519 4490 (1813.)

274 4511 318 4560 No.
337 4510 376 4559 21.
395 4509 431 4570 (b.
450 4509 567 4559 Dominio.
585 4509 625 4558 23.
644 4509 708 4572 lllaj.)
728 4527 750 4574 p.
770 4510 894 4562 323-26.

342 4592 382 4656 **)
401 4593 574 4644 Columbus
592 4594 782 4645 Batinensis
799 4596 911 4659 llibliogr.
930 4611 953 4660 p.
973 4595 1031 4650 242.
