3282 5404
368 754 437 822 sut
458 754 566 835 premit
587 762 617 815 et
638 753 738 814 lassat.
784 754 844 815 Cur
862 753 954 834 justis
976 754 1111 815 obstruat
1133 773 1220 817 aures

400 865 455 926 Hic
477 863 606 945 populus
628 863 779 943 precibus,
804 863 863 944 qui,
886 879 981 942 pauca
1003 881 1109 942 rogare
1130 873 1266 944 paratum

399 975 497 1037 Paene
519 973 683 1047 illaturus,
707 969 850 1034 concordi
873 980 973 1034 mente
997 974 1155 1054 animoque

401 1081 574 1147 Conticuit?
595 1083 701 1146 Merito
722 1083 821 1145 veniat
843 1079 908 1143 eine
930 1082 989 1144 tine
1012 1083 1139 1146 dolenda

401 1193 466 1256 Vita
486 1191 601 1254 homini
624 1191 742 1272 cupido,
765 1191 844 1252 hona
867 1191 945 1252 fluxa
969 1199 998 1253 et
1018 1211 1092 1255 rana
1113 1191 1221 1273 potiri3

353 1311 385 1364 ld
401 1304 460 1366 Pro
483 1303 591 1384 quibus
614 1309 766 1365 aeternum
788 1317 821 1362 se
843 1299 894 1361 ilio
918 1301 1054 1382 spoliavit
1075 1321 1187 1364 amere.
1296 1325 1298 1334 ¹

444 1413 527 1476 Sicut
548 1431 603 1493 per
625 1411 720 1474 noctis
742 1407 899 1489 tranquilia
923 1420 953 1472 et
974 1431 1049 1492 pura
1070 1429 1194 1473 serenae

401 1524 552 1586 Interdum
575 1521 675 1584 subito
697 1519 867 1582 discurrere
889 1521 1001 1583 lumine
1023 1521 1151 1594 damma,

403 1633 592 1712 Securasque
615 1631 691 1693 solet
711 1630 794 1692 visus
814 1631 962 1710 necopina
983 1647 1103 1693 movere

402 1739 601 1822 Mutantisque
622 1743 721 1802 iocum
744 1735 847 1802 stellae
869 1741 925 1802 sub
947 1741 1076 1817 imagine
1098 1741 1209 1804 tertam:

353 1857 385 1910 15
403 1852 535 1932 (Excipe,
559 1851 637 1932 qued
660 1857 744 1930 parte
766 1869 801 1911 ex
823 1849 883 1924 iila,
905 1850 984 1913 unde
1007 1867 1133 1912 accensa
1155 1850 1291 1923 recessit,

401 1961 449 2024 Nil
471 1961 525 2022 iuit
547 1961 705 2034 amissum3
728 1957 784 2022 ista
805 1959 888 2020 brevi
909 1959 1043 2023 vanescit
1063 1961 1095 2021 in
1117 1965 1233 2036 auram)

402 2071 486 2134 Hand
509 2071 594 2134 aliter
615 2087 708 2132 cornu
730 2085 764 2132 er
788 2069 900 2143 dentre,
924 2070 1003 2150 quod
1025 2069 1155 2150 pertinet
1175 2065 1268 2150 hujus

401 2181 446 2242 Ad
468 2191 618 2261 postrema
642 2179 747 2249 crucis,
771 2178 923 2240 stellarum
945 2179 996 2240 ubi
1019 2179 1163 2258 plurimas
1190 2180 1267 2242 orde

402 2290 544 2369 Fulgebat
562 2291 693 2371 junctus,
715 2289 806 2351 muita
830 2303 897 2350 mam
918 2288 986 2350 iace
1007 2289 1137 2350 cucurrit

352 2415 386 2467 ao
402 2401 538 2475 Asuum3
561 2419 617 2462 nec
638 2399 792 2481 proprium
814 2399 988 2462 lenrniacum
1010 2415 1125 2477 gemma
1147 2398 1278 2478 reliquit,

404 2511 463 2572 Sed
484 2519 608 2590 prepter
629 2516 757 2572 tractum
780 2509 930 2570 radiorum
953 2509 1091 2581 excurrit,
1115 2516 1145 2569 et
1166 2507 1227 2586 igni

403 2620 543 2682 Assimile
567 2628 613 2682 est
633 2620 738 2693 visum,
762 2635 850 2699 quem
872 2625 941 2698 post
963 2617 1108 2680 alabastra
1129 2617 1274 2680 locamus.

445 2729 616 2808 Composita
639 2747 690 2790 erc
712 2729 763 2809 pio
785 2727 926 2790 Anchisia
947 2727 991 2790 sic
1013 2727 1125 2789 restitit
1145 2727 1261 2802 umbra,

404 2838 520 2919 (Maiori
541 2847 660 2900 nostrae
682 2837 708 2899 si
732 2837 852 2915 dignum
874 2845 920 2899 est
942 2836 1064 2900 credere
1086 2837 1199 2916 Musae)

353 2962 386 3018 ne
403 2949 438 3010 ln
459 2948 533 3011 valle
555 2947 657 3021 Elisie,
679 2955 779 3012 natum
802 2963 869 3008 cum
891 2948 985 3010 sensit
1007 2947 1125 3010 adessa.
1190 3026 1193 3028 ,

406 3059 430 3120 0
454 3057 577 3136 sanguis
599 3077 693 3131 meus,
717 3077 734 3118 o
757 3073 849 3137 super
870 3075 988 3120 omnem
1010 3057 1104 3134 gratia
1127 3057 1255 3118 morem!

403 3169 442 3230 Et
463 3168 591 3242 cuinam,
614 3176 648 3230 ut
668 3167 731 3241 tibi,
754 3167 871 3233 reclusa
894 3175 941 3230 est
960 3167 1008 3229 bis
1026 3167 1117 3248 janue
1140 3164 1240 3230 coeli?

447 3278 496 3340 Sic
518 3277 590 3339 illud
613 3279 730 3340 lumen:
753 3295 844 3357 quare
866 3288 928 3338 tum
951 3295 1006 3356 ego
1027 3287 1107 3340 totus
1130 3278 1161 3338 in
1184 3277 1251 3352 illut

403 3387 480 3450 Dein
500 3387 644 3450 Dominae
666 3387 797 3467 quaesivi
820 3387 939 3450 oculos:
963 3403 1090 3468 namque
1113 3385 1190 3449 altus
1213 3385 1320 3466 agebat

355 3511 389 3564 3⁰
405 3497 451 3560 Me
473 3505 580 3576 stupor
600 3497 669 3560 hiae
691 3505 779 3577 atque
800 3497 888 3572 hino3
911 3499 979 3576 quia
1000 3497 1052 3560 tali
1072 3497 1144 3558 huic
1164 3497 1276 3559 lumina
1295 3498 1360 3560 risu

405 3606 564 3680 ardebant,
588 3618 621 3668 ut
642 3615 671 3668 ct
693 3607 758 3687 ipse
780 3607 855 3668 meis
877 3609 1052 3672 miniscere
1075 3607 1212 3669 datorum
1316 3685 1317 3690 η

405 3718 559 3778 Decorum
581 3735 735 3790 summam,
758 3716 891 3780 Paradisi
912 3725 942 3780 et
962 3717 1076 3782 habere
1097 3717 1214 3779 viderer

405 3826 471 3887 Jam
493 3834 616 3906 partem.
661 3827 736 3889 Dein
758 3828 817 3888 vita
839 3826 934 3888 oculis
952 3825 1085 3908 jucunda
1106 3827 1242 3906 meisque

406 3937 545 4008 Auribus,
569 3936 606 3998 ad
627 3937 739 4015 primas
761 3937 870 4017 adjecit
889 3937 960 3998 talia
982 3955 1081 4010 roceo,

357 4051 390 4104 35
409 4046 491 4118 Quae
513 4065 574 4107 non
595 4047 734 4127 percepi3
757 4047 801 4106 sic
823 4067 914 4108 sensu
936 4054 982 4108 est
1004 4047 1059 4108 iata
1082 4045 1241 4126 profundo.

407 4155 469 4216 Nec
487 4155 550 4234 jam
572 4155 718 4231 consulto,
741 4161 771 4218 at
793 4157 873 4236 quod
895 4164 960 4220 erat
978 4157 1076 4218 celare
1098 4172 1239 4230 necessc3

407 4265 481 4326 Nam
503 4285 602 4327 sermo
622 4267 704 4329 iliius
727 4269 843 4346 signum
865 4247 958 4346 super
977 4265 1089 4328 adstitit
1111 4265 1193 4326 omni

406 4374 598 4436 Praeiinitum
619 4376 742 4437 homini.
767 4407 805 4420 --
828 4377 864 4436 m
885 4383 1044 4456 postquam
1067 4374 1216 4438 deferbuit
1236 4393 1322 4438 arcus

406 4483 544 4545 Ardentis
567 4484 657 4546 studii
679 4485 733 4560 sic,
756 4493 796 4560 ut„
821 4503 898 4566 quae
919 4487 1057 4554 tunderet
1078 4502 1139 4561 ore,
