3214 5400
221 728 384 807 Praegrave
408 746 484 790 onus
505 737 604 792 terrae
626 729 665 792 ob
686 732 779 810 frigus
802 734 926 796 mortale
944 734 1109 815 jacentem

173 848 203 902 25
220 839 285 900 Vidi
309 839 493 900 Trusnauorr
513 837 702 918 Maurusque
724 848 754 902 et
774 841 912 903 Proerna
934 843 965 905 in
987 849 1078 909 armis

219 949 344 1010 Terrore
366 948 463 1010 adbuc
480 949 562 1029 juxta
584 957 712 1028 patrem,
735 958 765 1011 et
787 950 921 1030 dispersa
945 953 1097 1018 Groanruu

218 1057 349 1120 biembra
371 1058 582 1138 inspectantes.
626 1059 812 1120 Nsuoeormr
833 1079 928 1139 paene
950 1061 1056 1128 timore

218 1167 399 1248 Torpentem
419 1187 515 1248 prope
538 1183 616 1248 opus
635 1185 789 1246 magnum,
813 1178 975 1251 gentesque
997 1175 1132 1238 videbam

217 1277 379 1357 Respicere
400 1296 459 1340 una
482 1295 603 1353 omnes3
627 1297 702 1357 quae
724 1286 805 1341 tanto
828 1281 961 1343 sennaar
981 1301 1039 1345 una

170 1391 201 1443 ³0
217 1387 505 1449 Miscuerantiastu.
550 1387 644 1461 Quam
667 1387 772 1449 oculos
793 1387 906 1469 dejecta
928 1392 1073 1468 dolentes

216 1497 298 1559 Inter
318 1495 366 1557 bis
389 1505 503 1578 septem
525 1504 690 1576 prostratos
713 1498 817 1558 funere
838 1508 933 1574 natos,

216 1607 250 1668 in
271 1605 369 1668 media
390 1607 551 1687 spectanda
575 1606 619 1668 via
642 1606 697 1668 sub
719 1606 847 1684 imagine
869 1611 946 1683 licta,

217 1715 241 1778 0
262 1716 373 1790 Niobe,
398 1714 512 1778 stabas!
557 1716 582 1778 0
606 1735 693 1796 quam
715 1716 842 1779 similem
865 1738 936 1781 ense
960 1726 1056 1787 necati

216 1826 277 1889 Sub
299 1827 422 1906 proprio
444 1827 504 1887 vidi
526 1834 564 1897 te,
588 1826 676 1897 sior,
700 1844 792 1906 super
814 1827 892 1890 edita
915 1833 1025 1893 montis

103 1913 106 1950 ¹
166 1939 198 1994 ³5
216 1937 370 2008 Gesonae,
394 1954 482 2014 quem
506 1936 573 1996 exin
596 1933 712 1996 coelum
733 1954 789 1998 nec
810 1955 879 1998 rore
901 1957 957 2001 nec
979 1942 1073 2006 imbre

213 2044 305 2107 Juvit!
349 2045 387 2107 Ut
408 2046 513 2106 insano
538 2052 565 2106 te
588 2045 680 2118 fastu,
703 2047 817 2125 perdita
840 2047 990 2123 brienne,

212 2155 368 2217 Dimidiam
390 2155 422 2215 in
443 2172 574 2216 vcmnem
592 2154 655 2235 jam
677 2155 852 2230 defluxisse,
875 2158 978 2238 tuique

212 2266 341 2327 Tristem
364 2265 535 2343 fragmentis
558 2265 674 2344 operiS,
698 2264 752 2326 tibi
773 2267 853 2346 quod
875 2267 951 2330 maie
973 2272 1072 2344 cessit,

211 2372 401 2438 Incubuisse!
424 2373 527 2452 Neque
548 2374 598 2434 hic
620 2381 668 2436 tua
687 2374 749 2455 jam
770 2375 875 2437 vexilla
897 2377 1034 2440 videntur

161 2491 195 2545 to
210 2486 397 2566 Explicuisse
419 2483 523 2556 minas,
546 2483 688 2558 Roneis,
711 2486 764 2547 sed
786 2486 874 2565 piena
895 2487 1020 2563 timoris,

208 2596 283 2657 Ante
306 2613 341 2656 ea
364 2613 451 2673 quam
473 2592 587 2673 pellant
606 2593 720 2667 hostes,
742 2595 823 2656 vehit
844 2596 933 2660 incita
956 2599 1079 2660 habenis

209 2705 356 2767 Immissis
378 2703 482 2766 levitas
505 2719 619 2764 currus.
662 2703 701 2764 Et
722 2712 785 2766 erat
807 2723 924 2787 quoque
946 2707 1028 2770 duris

208 2816 361 2896 Inspicere
383 2813 413 2874 in
436 2812 536 2874 stratis
559 2817 749 2886 aequisona,
774 2815 824 2894 qui
846 2817 1011 2896 pretiosum

207 2925 362 2987 Persuasit
381 2923 468 2984 matri
491 2922 593 2984 inielix
614 2924 733 2986 venisse
753 2925 874 2988 monile.

158 3039 191 3094 45
249 3035 394 3096 Necnon
415 3032 530 3094 utnati
552 3032 695 3111 tempium
717 3034 852 3113 irrupere
873 3044 993 3098 ruentes

208 3146 458 3206 Sunnrcmuunnu
481 3149 593 3214 contra,
616 3142 807 3223 lacerumque
830 3145 956 3207 cadaver

207 3256 373 3317 Deseruere
396 3252 466 3326 iilic,
491 3253 596 3314 doctus
618 3259 833 3314 monstraverat
854 3261 973 3328 auctor3

209 3365 247 3426 Et
260 3359 413 3444 ¹quantum
435 3363 568 3424 intulerit
590 3361 668 3423 Crno
691 3362 794 3438 regina
816 3363 945 3425 Tomnrs

158 3491 165 3502 ’
208 3473 307 3536 Cladis
331 3471 523 3551 sanguineae,
546 3472 626 3534 Setia
648 3480 678 3534 te
699 3473 853 3550 sanguiue,
881 3473 995 3545 dicens,

155 3589 189 3643 5⁰
206 3584 298 3665 Cujus
320 3602 387 3644 eras
410 3580 530 3644 sitiens!
552 3615 595 3628 -
616 3582 681 3655 Hic,
703 3582 908 3644 Houoraennu
929 3593 1094 3665 perempto,

206 3692 303 3772 Terga
330 3694 416 3771 fugae
437 3692 576 3772 Assyrios
599 3692 712 3766 dantes,
735 3693 905 3774 pariterque
927 3693 1031 3756 ruinae

207 3803 322 3864 Tristes
345 3801 485 3882 reliquias
508 3801 681 3882 spectabam
702 3810 732 3864 et
755 3819 913 3882 corporum
937 3820 1068 3866 acervos.

207 3911 390 3974 Conversum
412 3913 442 3972 in
466 3912 583 3974 cineres
606 3920 677 3974 tunc
698 3912 774 3974 ilion
798 3913 888 3992 inque
911 3930 1050 3975 cavernas

207 4021 382 4095 Cemebam,
403 4032 496 4100 utque
517 4020 659 4084 humilem
681 4039 715 4084 ac
735 4021 823 4084 vilem
846 4030 884 4096 te,
907 4021 1008 4103 Troia,
1031 4023 1158 4098 serebas,

152 4141 189 4196 55
206 4131 330 4208 Signum
353 4131 540 4206 ostendebat,
563 4133 643 4212 quod
664 4140 750 4212 parte
771 4131 905 4194 exstabat
925 4133 956 4194 in
977 4131 1038 4194 iiia.

184 4283 187 4292 .
205 4241 371 4315 Quemnam
393 4242 524 4322 peniculi
545 4248 635 4321 atque
657 4241 724 4322 styli
745 4260 814 4305 rear
834 4259 901 4304 esso
923 4243 1105 4320 magistrum,

203 4349 329 4413 Umbras
353 4353 404 4433 qui
425 4351 522 4414 valeat
542 4358 714 4431 tractusque
736 4352 888 4440 effingere,
912 4350 1015 4431 quales
1042 4391 1044 4399 ι

202 4462 289 4524 Stant
311 4461 361 4537 ibi,
384 4462 517 4524 miranda
540 4461 659 4542 ingenio
681 4467 817 4542 portenta
838 4461 884 4524 vel
907 4461 992 4524 acri?

71 4517 1321 4678 μῄ--ῇᾼ
