3236 5394
339 579 393 642 ,64
773 577 967 630 rumorosus
985 577 1051 628 xvn.

1490 659 1494 666 ι

976 671 1511 682 -——-·—-—-—-—--—-———--——-——

417 799 458 860 Os
482 806 545 861 erat
565 797 635 860 huic
656 795 786 858 hominis
806 797 897 877 iusti,
920 815 1015 876 usque
1037 797 1111 858 adeo
1133 797 1199 876 ipsa
1221 796 1380 876 benignam

367 916 398 968 lu
414 910 555 971 Induerat
575 906 683 987 pellem
705 906 849 977 exterius,
871 906 925 968 sed
947 913 1062 968 caetera
1086 905 1182 968 trunci

415 1018 520 1080 Totius
542 1015 647 1096 anguis
669 1027 741 1078 crat.
785 1017 913 1078 villosus
935 1023 1058 1096 uterque
1079 1016 1209 1078 lacertus

414 1129 439 1190 Α
460 1126 561 1206 digitis
583 1126 620 1188 ad
641 1133 783 1206 utrasque
805 1125 908 1188 axillas
929 1124 1169 1206 usquo'rigeuat,

414 1237 554 1299 Pinxerat
575 1243 605 1298 et
625 1236 747 1298 dorsum
768 1243 934 1315 pectusque
953 1243 1042 1314 atque
1065 1235 1196 1315 undique
1219 1244 1318 1298 costus

414 1347 507 1410 Nodis
529 1346 701 1427 exiguisque
723 1344 808 1407 rotis.
850 1345 917 1406 Non
940 1344 1084 1407 Tauricus
1105 1363 1235 1425 unquam

367 1457 397 1511 15
414 1458 547 1520 Toronae
568 1454 722 1536 coniunxit
742 1463 900 1535 supposta,
924 1454 1112 1535 impostaque
1133 1455 1182 1518 fila

413 1567 510 1628 Vestis
531 1574 592 1628 tam
612 1565 693 1628 vario
716 1539 888 1626 discrimine
911 1563 1002 1626 tincta
1024 1564 1166 1638 colorum,
1515 1576 1518 1601 ¹

413 1677 479 1738 Non
501 1676 577 1738 tales
598 1674 684 1738 radio
705 1674 780 1736 telas
802 1673 939 1754 distinxit
957 1675 1107 1736 Anucnnn.
1515 1610 1518 1777 1

414 1787 449 1849 Ut
472 1789 552 1848 stant
573 1784 721 1847 interdurn
743 1783 839 1864 pelagi
861 1801 955 1864 prope
976 1783 1076 1846 littora
1098 1784 1228 1864 cymbae,
1514 1788 1517 1932 ι

415 1897 545 1968 Quarum
569 1913 638 1975 pars
660 1895 754 1956 undas
777 1893 882 1972 tangit,
905 1913 975 1974 pars
997 1894 1089 1956 altere
1112 1902 1228 1967 terram,
1514 1939 1516 2007 ἐ

363 2013 397 2065 au
414 2007 509 2086 thue
530 2005 592 2067 illic
614 2004 693 2068 inter
712 2004 851 2068 lurcones
873 2004 1023 2066 Teutonas
1042 2023 1132 2078 arma,
1514 2010 1516 2019 '

413 2117 508 2197 Atque
530 2133 613 2176 suam
635 2131 764 2194 pugnam
785 2120 885 2176 castor
904 2121 1005 2194 parat3
1026 2115 1106 2176 haud
1127 2133 1214 2176 secus
1237 2113 1294 2176 istu
1513 2023 1517 2278 Ι

413 2225 547 2288 Pessima
571 2225 666 2286 lorma
687 2225 768 2286 serae
790 2223 927 2304 lapidoso
949 2224 981 2284 in
1002 2223 1134 2304 margine
1157 2223 1262 2296 stabat,
1514 2298 1516 2308 ᾗ

413 2335 550 2415 Undique
572 2334 622 2414 qui
645 2333 779 2396 cumulos
801 2341 885 2396 ustae
908 2332 1063 2396 claudebat
1084 2353 1200 2396 arenae.
1513 2312 1516 2391 ἶ

414 2446 531 2519 Quanta
553 2451 630 2517 erat,
653 2443 684 2504 in
706 2442 804 2522 spatio
826 2443 920 2506 cauda
941 2443 1076 2506 vibrabat
1096 2444 1187 2516 inani,
1513 2465 1515 2479 ·

363 2563 396 2616 25
413 2555 504 2616 Torta
526 2552 713 2616 veneniferae
736 2552 898 2616 sustollens
919 2553 1042 2615 verbera
1065 2553 1175 2627 luroae,

414 2665 497 2739 Quae
518 2665 577 2726 ritu
599 2663 698 2742 scorpi
720 2680 894 2724 mucronem
917 2663 1049 2726 armabat
1071 2675 1197 2726 acutum.
1272 2745 1274 2750 Ι

455 2773 540 2836 Nunc
562 2771 768 2834 declinandum
792 2781 837 2833 est
857 2772 1004 2852 paullum,
1028 2773 1086 2835 dux
1106 2773 1218 2853 inquit,
1242 2791 1337 2853 eoque
1385 2755 1396 2780 ⁰

291 2851 295 2966 i
412 2883 628 2945 Intendendum
650 2882 707 2944 iter
728 2891 788 2955 est,
812 2883 888 2944 mala
909 2883 959 2944 uhi
983 2902 1016 2944 se
1038 2882 1135 2944 bellua
1158 2883 1273 2946 sternit.

244 2975 248 2982 ⁸
411 2993 473 3054 Nos
495 2991 563 3054 ideo
585 2991 661 3054 latus
683 2993 722 3053 ad
743 2991 878 3054 dextrum
900 2992 1127 3064 descendimus,
1151 2993 1249 3054 ethis

361 3109 395 3160 ³0
410 3101 621 3182 Progredimur
642 3101 750 3182 quinos
771 3110 903 3164 extremo
926 3102 957 3164 in
978 3101 1073 3165 limite
1094 3121 1211 3182 passus,

411 3213 555 3276 Curantes
577 3213 725 3274 llammam
748 3220 779 3273 et
797 3212 907 3276 nubem
929 3213 1088 3276 defendere
1111 3199 1249 3274 arenae.¹

411 3323 494 3385 llauc
515 3339 609 3402 prope
631 3331 664 3384 ut
685 3334 732 3384 est
753 3331 886 3396 ventum,
908 3319 1025 3401 gentem
1048 3322 1203 3384 considere
1225 3341 1315 3385 arena

411 3432 540 3496 Ulterius
561 3431 660 3512 paullo
681 3432 757 3505 vidi,
781 3451 856 3512 quae
878 3433 1011 3512 proxima
1033 3432 1116 3494 inani

410 3541 563 3610 Pendebat
583 3541 734 3604 barathro.
756 3525 796 3586 ’-
820 3543 896 3604 Tum
917 3542 1023 3604 doctor
1044 3542 1085 3604 ita
1107 3560 1158 3604 ora
1181 3542 1318 3604 resolvit;

360 3663 393 3715 aa
410 3653 447 3714 Ut
468 3652 523 3714 tihi
545 3652 584 3713 sit
606 3661 726 3715 cunctas
748 3652 838 3732 hujus
859 3669 1040 3730 cognoscere
1062 3651 1135 3713 circi

410 3763 538 3842 Experto
560 3762 680 3842 penitus
701 3769 818 3842 partes,
841 3761 867 3835 i,
889 3762 1028 3843 perspice
1050 3761 1173 3841 stirpem

409 3873 555 3946 lsto'rnm3
579 3883 609 3932 at
629 3871 758 3934 breviter
777 3872 913 3952 loquere,
935 3872 1015 3934 haud
1037 3871 1076 3933 ita
1099 3871 1189 3934 multa
1211 3873 1353 3950 rogando.

410 3982 485 4042 llum
506 3981 607 4054 redis,
632 3979 696 4061 ipsc
718 3982 931 4062 superveniens
953 3991 1120 4045 monstrum
1140 3981 1275 4061 alloquar
1296 3982 1384 4051 istud,
1507 4009 1509 4049 ι

410 4092 453 4154 Ne
476 4092 568 4152 sortes
589 4091 729 4153 humeros
752 4091 840 4154 nobis
860 4092 1004 4172 praebere
1026 4099 1154 4156 recuset.

360 4208 394 4260 du
453 4201 503 4262 Sic
523 4217 644 4300 ¹quoque
666 4219 721 4280 per
742 4213 832 4282 caput
852 4210 1030 4274 extremum,
1054 4203 1133 4280 quod
1155 4200 1301 4281 septimus
1324 4200 1404 4262 orbis
1505 4224 1508 4297 ξ

410 4310 505 4384 Finit,
529 4329 564 4372 eo
588 4311 684 4385 solus,
708 4329 780 4390 gens
802 4320 917 4376 moesta
939 4311 990 4374 ubi
1013 4313 1079 4374 lusa
1101 4311 1233 4374 sedebat.

410 4419 531 4482 lllorum
554 4439 590 4482 ex
610 4420 705 4483 oculis
727 4420 813 4482 dolor
834 4421 956 4484 intimus
979 4421 1172 4502 erumpebat:

411 4529 490 4592 llinc
511 4537 599 4611 atque
620 4530 690 4594 inde
713 4530 771 4611 ipsi
792 4530 931 4594 manibus
954 4551 1128 4610 succurrere
1149 4531 1275 4595 tendunt
