3234 5396
855 429 923 438 ...-

362 485 424 548 276
835 486 968 536 rnatum
989 487 1017 536 n.

427 703 485 779 Qut
506 723 579 778 rem,
603 725 678 788 quae
700 704 807 786 triplex
828 705 956 785 spatium
979 712 1115 784 occupat,
1138 705 1289 768 insinuare

375 819 408 872 tt
424 814 525 878 Altera
546 833 634 895 passa
658 814 715 878 sibi
736 834 786 876 res
810 814 858 888 sit,
883 815 961 895 quod
984 815 1036 876 fiat
1057 823 1183 896 oportet,

425 923 540 1005 Corpus
563 924 613 986 ubi
634 925 664 986 in
687 941 797 1004 corpus
819 932 913 1004 repat,
937 925 1029 988 multo
1051 925 1149 988 acrius
1171 935 1251 988 esset

423 1034 595 1096 Ardendum
617 1034 705 1096 nobis
728 1034 862 1096 mirarier
883 1034 963 1096 illius
987 1053 1063 1107 esse,

426 1143 484 1216 Qui
506 1143 565 1204 sibi
587 1143 740 1224 conjunxit
761 1152 894 1206 naturam
917 1144 1107 1225 hominisque
1129 1142 1248 1223 deique.

425 1252 509 1314 Tunc
530 1252 571 1315 ibi
593 1271 715 1316 cernere
737 1253 803 1326 erit,
827 1253 906 1333 quod
929 1251 1134 1316 demonstrare
1156 1254 1294 1334 nequibit

373 1373 407 1426 40
425 1361 481 1423 Hic
506 1360 662 1442 quisquam
685 1369 772 1443 atque
795 1363 870 1424 tides
889 1363 975 1443 jubet
997 1383 1101 1426 omues
1125 1364 1246 1426 credere
1270 1373 1361 1438 certo,

423 1471 461 1534 Ut
484 1491 557 1552 quae
579 1490 648 1532 vera
670 1480 772 1551 patent
792 1490 847 1550 per
868 1491 901 1534 se
923 1472 1088 1546 notissima,
1110 1471 1208 1552 primo

423 1581 578 1644 credenda
600 1579 706 1642 intuitu
728 1581 847 1643 mentis.
871 1613 910 1626 -
933 1582 1018 1644 Tunc
1040 1600 1092 1644 ora
1113 1583 1266 1646 resolvens

423 1690 505 1753 Dixi:
528 1691 601 1767 Ego,
623 1689 705 1764 Diva,
726 1689 787 1769 pio,
811 1693 908 1770 quoad
931 1710 1063 1772 possum,
1086 1692 1155 1754 huic
1176 1701 1299 1773 pectore
1322 1703 1416 1773 grates

424 1799 523 1870 Solro,
545 1799 662 1862 mortali
683 1800 734 1879 qui
756 1819 804 1862 me
825 1802 953 1882 sejunxit
974 1801 1010 1864 ab
1033 1802 1115 1864 orbe.

373 1913 407 1968 ts
425 1911 460 1972 bt
482 1909 563 1990 quid,
587 1909 635 1970 dic
656 1927 777 1989 quaeso,
801 1911 872 1988 quid
895 1919 966 1972 sunl
985 1912 1069 1990 nigra
1090 1911 1226 1990 corporis
1248 1913 1338 1994 hujus

424 2019 518 2098 Signa
537 2039 581 2092 ea,
603 2038 679 2099 quae
699 2019 733 2080 in
756 2020 843 2082 terris
866 2020 902 2081 dc
926 2020 997 2082 Cain
1019 2021 1129 2100 tingere
1152 2021 1278 2084 suadent

422 2125 598 2192 Fabellam?
620 2127 672 2190 llla
695 2128 747 2192 diu
768 2128 910 2204 subrisit;
933 2129 1040 2192 deinde
1063 2131 1213 2212 loquelam
1287 2133 1290 2150 “

423 2238 564 2301 Solveus:
588 2237 620 2299 Si
642 2238 785 2312 mortalis,
808 2239 856 2311 ait,
880 2240 1026 2301 sententia
1049 2240 1176 2316 aberrat,

424 2347 520 2410 Clanis
543 2346 593 2409 ubi
615 2365 723 2409 sensus
745 2349 841 2410 nescit
862 2350 1016 2412 recludere
1038 2369 1148 2424 verum,

374 2455 407 2509 5⁰
425 2457 511 2520 Certe
532 2457 609 2518 baud
633 2456 777 2520 deberent
795 2458 858 2539 iam
879 2477 1013 2538 pungere
1036 2460 1093 2524 tels
1116 2461 1247 2540 stuporis

425 2568 485 2630 Cor
505 2566 574 2642 tibi3
597 2585 665 2628 nam
687 2567 772 2642 ratio,
795 2586 870 2647 quae
893 2587 999 2630 sensus
1021 2588 1099 2650 pone
1123 2579 1271 2650 sequatur,

425 2677 553 2742 Cernere
575 2684 608 2737 ut
628 2676 694 2756 ipse
715 2684 812 2757 potes,
834 2677 1021 2743 brevioribus
1042 2680 1135 2742 utitur
1155 2679 1221 2742 alis.

424 2786 462 2848 At
483 2785 531 2860 da,
555 2785 626 2866 qnid
647 2793 744 2848 tecum
766 2795 898 2868 reputes.
942 2788 1026 2853 Tunc
1047 2787 1118 2853 huic
1139 2808 1195 2870 ego
1219 2799 1338 2854 contra:

425 2897 559 2958 Errare
581 2911 616 2957 ao
637 2896 739 2968 denso,
763 2915 839 2977 quoe
861 2897 905 2959 sic
927 2896 1042 2960 diversa
1064 2899 1210 2973 ridentur,
1259 2959 1262 2962 .

374 3007 499 3068 neusse
521 3024 599 3067 reor.
621 3039 663 3050 —
684 3004 774 3068 llulto
797 3006 871 3070 haee
892 3007 923 3073 io
944 3009 1057 3070 vortice
1077 3027 1177 3072 mersa
1197 3010 1311 3074 videbis

422 3117 513 3190 Falsi,
536 3134 612 3196 quae
632 3116 722 3177 modo
746 3117 854 3191 credis,
876 3117 925 3190 ait,
949 3117 975 3178 si
997 3118 1052 3182 rite
1073 3119 1199 3193 tenebis,

424 3227 507 3300 Quae
530 3226 628 3288 dicam
649 3229 761 3288 contra.
805 3227 994 3290 Demonstrat
1013 3227 1125 3290 lumina
1146 3229 1230 3290 vobis

423 3336 513 3397 Multa
535 3334 616 3397 orbis
639 3335 783 3414 sphaerae
806 3310 934 3408 octavae,
957 3337 1073 3400 diversa
1093 3339 1222 3403 notanda

423 3446 500 3509 blole
523 3465 576 3506 sua
597 3463 633 3507 ao
653 3445 728 3508 lueis
750 3453 863 3506 natura.
908 3446 964 3508 Hie
986 3447 1091 3524 collige
1113 3447 1221 3528 primo.
1264 3505 1268 3512 .

373 3566 407 3617 ct
424 3555 457 3616 Si
478 3573 544 3616 rara
566 3571 601 3615 ao
622 3555 714 3616 densa
736 3555 889 3617 efficerent
911 3575 954 3624 ea.
977 3557 1073 3637 qualia
1096 3567 1233 3620 constant

425 3665 609 3744 Quantaque,
632 3664 830 3726 flammivomo
853 3665 945 3727 cuivis
967 3666 1013 3726 vis
1035 3666 1121 3729 unice
1143 3667 1266 3744 inesset,

422 3775 553 3854 Plusque
574 3775 733 3853 minusque
754 3774 863 3836 tributa
887 3774 984 3854 globo,
1008 3785 1096 3855 atque
1118 3779 1282 3857 aequaliter
1302 3780 1367 3842 uni-

423 3884 546 3963 Cuique.
589 3885 626 3945 tt
647 3883 828 3964 multiplices
850 3885 971 3946 virtutes
994 3905 1029 3947 ex
1051 3887 1206 3950 elementis

422 3994 539 4067 Primis,
563 4012 639 4074 quae
660 3995 784 4056 formam
808 4002 941 4056 statuunt
963 3995 1117 4076 cujusque,
1140 4015 1267 4063 neeesse
1289 4007 1335 4062 est

373 4115 407 4170 65
422 4104 520 4176 Nasoi,
543 4123 619 4184 quae
641 4103 737 4165 deleta
758 4104 865 4180 forent,
888 4114 918 4166 te
936 4105 1047 4186 judice,
1071 4116 1186 4180 cuneta,

422 4214 487 4273 Hoc
509 4232 567 4274 uno
590 4220 725 4293 excepto.
767 4213 851 4276 Adde
873 4214 978 4276 etiam:
1001 4217 1027 4281 si
1049 4235 1152 4278 caussa
1178 4219 1305 4297 nigroris

422 4323 532 4399 Rarum
554 4332 643 4397 esset,
666 4323 746 4403 quod
767 4331 800 4384 tu
815 4323 944 4398 vocitas3
966 4334 1017 4389 aut
1038 4325 1095 4388 iste
1116 4326 1236 4406 planeta

422 4432 534 4494 Partim
556 4451 594 4496 ex
612 4432 736 4496 materia
753 4432 876 4513 jejunus
898 4434 974 4496 torte
995 4436 1117 4509 laboret,
1140 4485 1144 4498 .
