3236 5394
586 567 780 616 turbauerunt
798 567 866 615 xxti.
949 574 953 578 '

177 795 210 844 10
226 783 288 846 Nec
309 783 382 844 mihi
402 785 465 864 jam
488 783 588 846 audite
610 792 657 846 est
679 784 753 845 adeo
776 793 970 862 praepostera
993 785 1101 846 bombo

225 893 352 967 Fistula,
374 893 425 954 ubi
448 893 564 972 pedites
587 895 762 974 equitesque
785 894 926 954 accedere
948 894 1024 967 vidi3

227 1003 310 1065 'l’alie
332 1022 394 1064 non
415 1011 540 1077 terram,
555 1011 615 1064 ant
637 1003 750 1064 stellam
774 1021 916 1065 monuere
939 1003 1056 1063 carinas

226 1113 349 1180 Indicia.
371 1143 411 1154 -—
434 1112 550 1174 Interea
572 1113 617 1174 sic
639 1112 755 1191 agmine
777 1113 1007 1174 Daemoniorum

226 1223 277 1284 Bis
300 1223 391 1303 quino
414 1222 505 1283 cincti
528 1223 596 1296 (hen
620 1221 778 1284 comitatus
801 1223 892 1282 ellera
914 1220 1028 1298 turbet)

177 1339 210 1392 15
226 1333 287 1393 Nos
309 1332 448 1394 molimur
470 1332 527 1392 iter
547 1341 692 1392 nostrum.
737 1331 796 1394 Sed
818 1332 928 1410 templa
949 1331 1077 1409 petenda

227 1443 299 1503 Cum
322 1451 425 1524 sancto
449 1441 585 1514 veniunt,
609 1449 638 1502 et
661 1460 728 1502 cum
750 1440 872 1501 lurcone
895 1441 1045 1502 tabernae.

267 1553 305 1612 ,tt
326 1552 399 1612 mihi
421 1551 472 1630 pix
493 1551 625 1612 animum
648 1560 742 1610 totum
764 1550 924 1622 retinebat,
949 1559 980 1610 ut
1002 1550 1089 1629 hujus

224 1661 334 1740 llulgae
356 1661 585 1740 introspicerem
607 1659 727 1740 penitus
751 1661 878 1722 claustra
902 1661 1000 1722 omnia
1024 1671 1053 1721 et
1075 1678 1193 1720 ornnem

44 1814 49 1819 -
109 1703 112 1822 Ι
226 1770 403 1844 Circuitum‚
425 1789 481 1831 nec
504 1790 563 1831 non
586 1782 706 1848 genteS,
730 1789 803 1848 quas
827 1780 927 1830 aestus
950 1769 1057 1830 adurit.

176 1893 208 1944 20
224 1881 290 1941 Non
314 1897 401 1940 secus
424 1899 458 1941 ac
480 1879 597 1957 signum
620 1879 777 1962 delphines
799 1880 927 1958 tergoris
950 1897 1020 1940 arcu
1048 1907 1055 1916 ·

224 1990 444 2063 Damnaque,
468 1997 500 2050 ut
521 1997 623 2050 caveat
644 1999 843 2068 properetque
866 1989 1007 2050 reducere
1030 1988 1149 2066 pinum:

225 2099 277 2162 Sic
299 2099 477 2179 quandoque
500 2099 623 2178 aliquis,
647 2107 769 2178 captans
792 2098 934 2158 lenimina
956 2116 1081 2176 poenae,

224 2209 352 2270 Dorsum
374 2207 553 2270 ostendebat
575 2209 612 2270 de
634 2208 786 2280 sontibus,
810 2215 897 2288 atque
920 2207 975 2268 sub
998 2216 1083 2268 aestu

225 2319 404 2397 Spumarum
426 2318 513 2398 piceo
537 2317 652 2378 celabat
673 2317 798 2398 fulguris
821 2317 924 2378 instar.

177 2434 208 2486 25
225 2434 267 2488 Ac
289 2427 380 2490 veluti
401 2447 492 2489 ranae
515 2436 594 2489 stant
616 2429 715 2488 fossae
737 2429 769 2488 in
791 2427 923 2504 margine
946 2445 1059 2506 aquoso

227 2537 286 2598 Ora
309 2537 511 2617 objectantes,
534 2537 721 2616 pedibusque
744 2545 774 2598 et
795 2537 931 2616 corporis
955 2535 1035 2596 omni

224 2647 313 2708 Parte
334 2648 442 2710 latent:
466 2649 545 2708 houd
568 2647 707 2708 dissimili
730 2647 845 2708 ratione
866 2646 1015 2724 modoque

224 2757 361 2837 Undique
384 2757 515 2818 damnati
538 2756 665 2817 stabant.
709 2758 747 2818 Ut
769 2756 875 2818 edesse
896 2756 1037 2817 videbant

222 2868 289 2929 lam
310 2847 556 2945 Barbacrispum,
579 2866 772 2930 retrahebant
793 2867 875 2927 ilicet
896 2875 977 2927 artus

176 2985 208 3038 30
225 2975 286 3037 Sub
309 2993 468 3054 spumam:
498 2976 579 3050 Vidi,
604 2986 634 3037 et
653 2997 701 3038 me
724 2995 803 3038 nunc
826 2995 944 3056 quoque
967 2975 1100 3036 concutit
1121 2973 1235 3044 horror,

225 3087 400 3148 Cunctatum
423 3087 584 3165 quendam,
609 3087 669 3160 sic,
693 3095 725 3147 nt
747 3088 823 3148 sorte
846 3085 970 3157 accidit,
995 3104 1051 3145 una

225 3195 298 3256 Cum
320 3215 391 3256 rane
414 3197 723 3274 effugiensclabitur,
746 3215 805 3257 una
827 3204 976 3268 moratum

225 3305 343 3384 Quique
365 3307 467 3366 ederat
487 3306 611 3385 propius
635 3315 736 3366 contra
761 3304 978 3382 Cynisarpagos
1002 3302 1051 3362 isti

225 3415 342 3476 Glutine
366 3425 522 3476 concretos
546 3416 644 3477 crines
667 3414 829 3487 convolvit,
853 3421 883 3474 et
904 3413 1003 3492 ipsum

175 3525 306 3588 tollore
328 3526 422 3586 lutrae
445 3525 578 3588 extraxit.
624 3525 803 3586 Cunctorum
827 3541 881 3601 ego
904 3532 1003 3584 mente
1024 3520 1162 3582 tenebam

222 3634 366 3708 Nomina,
390 3635 440 3696 ubi
463 3635 532 3696 lecti
555 3636 687 3706 fuerumt,
711 3653 779 3694 nem
803 3651 950 3712 quemque
972 3630 1082 3702 notavi,

222 3745 259 3805 Et
282 3763 339 3823 qua
363 3745 490 3824 quisque
513 3743 602 3806 alium
625 3743 788 3805 recitasset
807 3761 898 3814 voce,
923 3741 1065 3802 sciebam.

222 3854 340 3933 lnjicito
363 3855 434 3914 huic
456 3871 584 3932 ungues,
608 3853 752 3925 Rubicas,
777 3853 865 3912 simul
888 3871 939 3912 ore
962 3850 1128 3912 fremebant

223 3963 354 4036 Tristes,
378 3964 474 4025 donec
497 3984 564 4026 eum
587 3963 700 4041 glebae.
723 3997 764 4006 —
788 3963 862 4022 Tum
885 3962 956 4023 talia
978 3960 1056 4021 ludi:
1143 3985 1146 3994 λ

174 4080 206 4132 tt
223 4072 255 4133 Si
276 4072 361 4144 licet,
382 4093 403 4132 o
427 4073 562 4153 sapiens,
587 4074 633 4133 sac
656 4091 798 4153 quaerar,
822 4071 917 4151 qualis
940 4079 970 4130 et
992 4070 1069 4130 unde

183 4233 185 4246 .
221 4182 466 4256 semisermo,
490 4182 627 4244 menibus
651 4201 737 4261 quem
762 4201 828 4242 sors
852 4180 963 4261 objecit
984 4179 1100 4241 acerbis

220 4290 346 4353 Hostilio
370 4299 494 4354 turmae.
540 4293 615 4380 Tum
638 4294 696 4353 dux
718 4291 845 4354 accessit
861 4298 897 4350 ‘et
918 4289 1001 4350 illum

220 4402 366 4473 Scitatus,
391 4399 468 4482 quis.
481 4402 534 4474 sit,
558 4402 624 4463 tulit
645 4402 720 4462 haec
742 4419 902 4480 responsa:
926 4400 1069 4460 Parentes

218 4511 264 4574 lle
286 4511 486 4577 Narmansou
507 4511 602 4574 civem
624 4530 772 4590 genuere,
796 4510 935 4589 deditque

722 4551 1343 4722 *ss
