3214 5400
332 512 395 576 202
763 511 944 566 reterreau
961 512 1031 566 surr.

400 731 577 795 lueumbant
598 731 756 807 tenebree3
778 749 847 796 ntur
870 731 996 812 posthae
1018 729 1101 798 ualle
1117 731 1239 800 ramur

402 842 494 923 Cepia
517 841 689 915 scandendi,
712 841 810 906 donee
831 841 974 910 redeunte
1002 841 1062 908 etei

401 955 480 1016 Luee
503 969 589 1014 nova.
629 951 680 1014 Sie
701 951 818 1016 doctor.
841 982 882 996 -
903 951 966 1031 Ege
987 950 1113 1030 vestigia
1135 971 1259 1018 servans

401 1061 502 1126 Scalas
524 1060 665 1141 corripui,
688 1070 778 1143 atque
799 1061 908 1141 gradus
929 1081 977 1126 rue
998 1061 1114 1142 primus
1136 1061 1274 1128 habebut.

350 1179 383 1230 tu
400 1173 457 1236 Hie
478 1172 541 1235 etue
564 1172 646 1238 sessi
668 1172 755 1252 quusi
775 1170 905 1250 quodam
925 1179 1069 1250 praepete
1089 1179 1173 1238 metu

400 1283 566 1346 Percussus
588 1282 713 1363 propius
735 1281 854 1352 vultum,
877 1279 1052 1360 audirique:
1076 1281 1164 1348 Beati

400 1391 530 1473 Pacifici,
551 1389 633 1456 mla
655 1396 736 1474 pueis
755 1401 861 1472 peetus
884 1409 946 1457 ses
967 1393 1074 1456 inritet
1095 1394 1155 1454 ira.

441 1503 506 1565 Jam
525 1501 616 1584 juber
637 1509 799 1564 extremum
821 1500 970 1572 susurre,
993 1517 1071 1580 quae
1092 1518 1172 1579 peue
1194 1509 1371 1582 sequuntur,

399 1613 497 1693 Supra
519 1611 714 1690 assurgebant
736 1610 788 1679 sie.
811 1617 845 1674 ut
866 1608 971 1676 stellae
994 1609 1124 1690 undique
1146 1610 1295 1676 adessent.

348 1729 382 1783 ab
443 1722 467 1784 0
490 1739 556 1783 mea
577 1721 632 1793 vis,
653 1720 726 1782 mibi
749 1737 802 1782 eur
824 1729 853 1784 te
875 1720 915 1782 ire
938 1717 1095 1799 subripis?
1134 1721 1215 1784 Haec
1237 1739 1292 1800 ege
1315 1738 1442 1794 meeum.

399 1831 502 1894 Robur
521 1829 573 1892 ubi
594 1848 714 1892 crurum
736 1828 819 1890 sensi
841 1846 962 1893 pessare
983 1837 1129 1894 eeuetuur.

399 1942 525 2004 Ventum
547 1947 611 2002 erat
631 1939 669 2006 sd
690 1957 821 2004 summas
844 1938 951 2004 scalas.
994 1939 1056 2002 Nes
1079 1939 1186 2008 sistere
1207 1940 1244 2008 ae
1266 1940 1361 2008 usur

398 2051 497 2125 Naris,
521 2068 596 2130 quae
617 2048 737 2116 taudem
758 2048 828 2114 tutis
850 2047 988 2116 allabitur
1008 2048 1087 2122 eris:

398 2160 575 2242 lnoendique
597 2177 685 2222 aures
706 2157 849 2236 paullum,
872 2157 899 2222 si
921 2158 998 2223 lorte
1020 2158 1171 2226 borellum

359 2271 457 2334 ttPer
479 2278 603 2332 stratum
625 2268 760 2334 audirem
782 2268 961 2348 quidquem
983 2268 1054 2338 (leia
1074 2286 1148 2336 reue
1170 2269 1345 2347 magistrum

401 2381 451 2442 sie
472 2397 562 2458 rego:
585 2379 648 2451 bie,
671 2378 767 2442 duleis
789 2386 882 2458 pater,
905 2396 999 2458 euque
1020 2378 1130 2460 injuria
1151 2378 1182 2444 iu
1204 2379 1261 2444 iste

399 2491 516 2554 Etuitur
537 2487 653 2556 eirelel
695 2489 763 2554 Neu
785 2495 852 2561 stet,
874 2488 951 2567 pede
974 2496 1080 2561 stante,
1102 2488 1222 2568 loquele

400 2602 456 2663 Hie
477 2609 537 2662 tua.
580 2601 617 2664 At
638 2597 705 2661 ille:
727 2598 803 2662 Boni
825 2597 904 2662 buud
925 2598 1040 2678 iptepra
1063 2598 1172 2678 eupide
1193 2597 1306 2678 politur

400 2710 545 2786 nisibis
566 2709 706 2774 nimimm
727 2708 803 2774 susle
825 2704 919 2772 tardis
940 2709 1153 2788 vapulaturus

351 2834 384 2888 75
400 2820 452 2882 Vir
472 2818 573 2881 remis.
616 2820 670 2884 Ast
690 2825 724 2880 ut
744 2817 798 2882 tibi
820 2818 908 2882 detur
928 2818 1062 2898 apertius
1083 2818 1139 2886 ieta

400 2930 571 3011 Pereipere‚
594 2927 722 2999 silueris,
745 2935 833 3007 atque
855 2927 968 3007 aliquid
990 2927 1044 2996 ubi
1066 2929 1144 2994 torte
1165 2927 1279 3008 parabit

400 3041 510 3106 Nostra
531 3039 603 3104 beni
625 3039 740 3104 fruetus
761 3056 856 3106 mere.
899 3037 962 3104 Nee
984 3037 1051 3104 siue
1072 3056 1172 3106 eruere
1193 3045 1321 3111 prester,

399 3151 462 3213 Nee
483 3169 534 3218 res
556 3149 622 3228 ipsa
644 3161 742 3214 ereata
763 3148 827 3222 tuit,
851 3147 896 3214 sie
918 3147 1024 3227 incipit
1044 3147 1104 3222 ille,

399 3262 591 3331 turbatura,
613 3266 662 3324 sut
685 3264 876 3336 spumosus,
899 3258 979 3340 quod
1001 3263 1034 3320 tu
1056 3277 1176 3339 quoque
1198 3259 1287 3326 nosti

349 3378 384 3433 se
400 3372 594 3450 ingeneratus
616 3385 701 3434 amer
722 3365 804 3434 nuto
826 3387 959 3447 eneruem
979 3375 1114 3446 tempere
1136 3367 1230 3435 luteus

400 3481 454 3542 Est
476 3479 582 3554 auimi3
605 3483 653 3540 ast
674 3477 748 3544 ulter
769 3495 803 3544 se
824 3495 916 3558 pesse
937 3495 1038 3542 errare
1051 3478 1231 3557 trequentes

401 3589 511 3662 Sensit,
534 3607 588 3654 seu
609 3587 685 3653 mala
708 3606 776 3652 uum
797 3587 925 3666 speeies,
949 3606 1003 3652 seu
1025 3586 1089 3650 dira
1110 3586 1213 3660 libide,

402 3699 550 3778 segnities
573 3717 627 3762 seu
648 3697 728 3764 lenta
749 3697 875 3764 adamat
918 3697 1000 3764 Beue
1022 3697 1117 3777 prima
1138 3697 1252 3776 petenti

330 3889 332 3893 v
401 3809 492 3872 Recte
514 3807 704 3887 servastique
725 3806 857 3880 modum,
879 3806 905 3871 si
927 3807 1003 3873 terte
1026 3807 1157 3874 seeuuda

351 3925 384 3980 85
401 3921 537 3999 Appeue
560 3917 638 3986 baud
661 3935 745 3986 amur
765 3917 831 4010 iste
844 3924 945 3997 petest
965 3917 1042 3982 mala
1064 3917 1167 3996 gaudis
1190 3916 1279 3984 lette.

401 4029 444 4090 Ae
465 4028 590 4090 simulac
610 4028 672 4090 ruit
692 4028 723 4090 in
744 4028 877 4112 vetitum,
899 4027 1031 4108 maiorve
1052 4027 1186 4096 urbere
1243 4069 1247 4076 .

404 4139 480 4202 Cura
501 4139 580 4204 ultre
600 4138 680 4204 bene
703 4138 811 4206 sectari
832 4137 1003 4218 persuadet,
1025 4137 1056 4202 in
1078 4135 1178 4216 ipsum

402 4249 552 4314 Arufieem
573 4246 720 4314 eeuvertit
740 4267 827 4332 opus.
870 4247 936 4314 lem
957 4245 1029 4314 bine
1050 4235 1300 4326 discesseritis,

403 4357 529 4421 Cuilibet
549 4366 583 4425 ut
604 4358 655 4426 det
674 4377 759 4424 emer
779 4357 878 4422 sumti
899 4375 1003 4423 semen
1025 4364 1055 4422 et
1075 4357 1157 4424 euni

351 4473 385 4525 ao
402 4468 506 4531 vestro
529 4487 613 4542 aues,
636 4467 716 4546 qued
737 4485 834 4548 peees
855 4477 964 4536 menet
1009 4468 1070 4536 Sed
1091 4485 1199 4537 seusus
1222 4467 1334 4534 ameris
