3234 5396
79 485 84 762 ‘
117 569 121 578 ,
554 531 733 583 runnnronn
750 534 830 583 Xle.

141 765 173 818 8⁰
192 754 321 818 Conscia
342 756 403 816 mm
425 751 508 814 dirus
530 749 603 812 mibi
625 753 735 830 pressit
756 757 879 830 pectora
900 767 1029 822 morsus,

189 861 228 926 Ut
248 863 345 924 victus
367 859 520 934 caderem3
543 867 581 930 et,
605 859 722 939 qualem
743 878 791 922 me
812 858 928 932 lecerit,
951 860 1025 954 ipsa),

191 974 275 1046 Quae
298 972 422 1034 dederat
443 987 590 1043 caussam,
612 969 705 1031 norit.
726 999 767 1014 ··-
790 969 864 1031 Cum
885 967 917 1029 in
938 977 1061 1048 pectora
1080 968 1174 1032 uirtus

190 1082 230 1144 lli
252 1081 349 1155 rediit,
372 1097 464 1160 super
485 1079 661 1151 adstantem,
685 1096 760 1157 quae
782 1078 877 1158 prirna
899 1087 1018 1158 reperta
1041 1087 1087 1140 est

116 1169 119 1174 ⁵
192 1191 263 1253 Sola
285 1190 358 1251 mihi
379 1188 495 1263 mulier,
518 1188 586 1262 ridi,
611 1207 687 1268 quae
709 1188 822 1269 ajebat:
844 1188 979 1260 lnbaere‚

142 1313 175 1368 85
192 1301 297 1380 bleque
319 1307 406 1374 tene;
428 1306 515 1360 tenus
538 1306 626 1377 atque
648 1297 733 1374 gulae
754 1315 803 1359 me
825 1297 855 1358 in
877 1297 1009 1380 fluminis
1030 1298 1139 1360 undam

192 1410 342 1482 Traxerat‚
367 1416 396 1471 et
416 1416 538 1487 raptans
560 1415 629 1486 post
650 1427 692 1479 se,
716 1406 790 1468 levis
813 1413 842 1468 et
863 1406 938 1468 loris
960 1405 1022 1468 ibat

193 1520 303 1582 lunens
327 1531 359 1580 ut
379 1519 493 1580 radius.
537 1517 597 1579 Sed
619 1516 671 1578 nbi
693 1534 789 1596 prope
810 1516 875 1596 ripa
898 1516 983 1580 beata

192 1629 309 1692 adfuit:
332 1629 498 1708 Adspcrqes
519 1621 583 1688 mc!
604 1626 644 1687 ite
666 1624 753 1688 dulce
776 1625 874 1688 audita
897 1643 1005 1688 sonare

192 1738 246 1800 Est
266 1745 386 1811 vomet
407 1754 572 1798 memorare
594 1735 667 1796 mibi
687 1734 735 1797 vel
757 1734 889 1797 scribere
912 1755 972 1797 non
995 1736 1045 1798 sit.

145 1852 178 1904 td
235 1847 384 1927 Expendit
406 1846 540 1924 geminos
561 1845 670 1907 mulier
691 1846 823 1907 lormosa
843 1844 971 1908 lacertos

193 1958 289 2038 dtque
310 1974 410 2018 meum
432 1963 477 2016 est
499 1955 653 2034 complexa
675 1963 772 2034 caput,
795 1955 957 2036 mersitque
979 1955 1059 2035 quod
1081 1955 1191 2018 undam

194 2067 381 2130 sorbendam
403 2065 499 2127 luerat
516 2064 636 2144 jussum
656 2064 811 2125 demittere
833 2065 931 2143 plenis

195 2176 359 2239 Faucibus:
383 2183 471 2255 atque
492 2174 562 2236 inde
585 2184 719 2252 ereptum
742 2182 895 2253 totumque
918 2174 1083 2236 madentem

195 2285 292 2358 Duxit,
315 2284 368 2347 ubi
390 2284 516 2346 choreas
539 2283 688 2362 agitabant
710 2291 849 2363 quattuor
870 2301 922 2346 ore

148 2408 179 2462 95
196 2396 325 2458 Pulchro
346 2401 509 2464 matronae,
533 2413 609 2474 quae
631 2412 679 2455 me
701 2401 800 2454 texere
822 2393 950 2454 lacertis.

238 2505 300 2567 Nos
322 2523 425 2566 sumus
446 2504 497 2565 hic
517 2503 673 2582 nymphae,
696 2503 842 2576 dicebant,
866 2503 963 2564 sidera
985 2505 1016 2564 in
1041 2505 1112 2567 alto.

194 2616 261 2676 Jarn
282 2614 367 2694 prius
389 2613 421 2673 in
443 2620 539 2674 terras
561 2631 649 2691 quam
671 2621 753 2674 esset
777 2611 899 2692 delapsa
919 2613 1058 2687 bearem,

195 2724 257 2787 Nos
278 2721 323 2784 illi
344 2722 469 2784 famulas
492 2721 613 2784 dederat
632 2730 774 2800 regnator
796 2721 923 2802 Olympi.

196 2833 281 2896 lllius
303 2842 372 2894 anto
394 2830 497 2894 oculos
522 2849 578 2892 nos
600 2837 628 2890 te
651 2830 794 2894 ducemus
816 2839 937 2906 acutos3

135 2947 181 2999 tou
198 2944 257 3005 Sed
279 2943 335 3004 tibi
353 2942 415 3022 jam
435 2939 563 3003 reddent
582 2938 674 3011 visus,
698 2949 740 3007 ut.
763 2943 843 3021 quod
866 2943 937 3004 latet
957 2943 1048 3015 intus,

196 3053 365 3116 iucundum
386 3050 536 3130 adspicias
557 3051 668 3122 lumen,
690 3059 763 3123 tres,
786 3069 860 3129 quae
883 3051 952 3114 inde
973 3053 1160 3132 propinquae

197 3163 293 3225 ditius
316 3161 457 3224 interiora
478 3160 589 3222 rident.
633 3160 685 3221 Sic
705 3177 778 3222 voce
801 3167 943 3222 canentes

199 3273 378 3352 Coeperunt
421 3269 496 3332 Exin
518 3289 565 3332 me
588 3287 690 3332 secum
712 3268 748 3332 ad
772 3276 893 3348 pectora
915 3270 1019 3349 gryphi

197 3384 357 3454 Duxerunt,
379 3379 431 3442 ubi
453 3380 630 3442 constiterat
650 3397 792 3440 conversa
813 3379 944 3440 Bearnrx

136 3508 182 3564 1⁰5
197 3493 241 3556 nd
263 3511 320 3565 me,
344 3491 389 3552 sic
410 3490 503 3552 fatae:
525 3489 569 3550 Ne
591 3489 696 3552 oculos
717 3488 873 3550 intendere
894 3505 1001 3569 parce3

197 3602 260 3664 Nos
282 3609 311 3664 te
333 3600 468 3663 lucentes
486 3599 570 3679 juret
590 3606 658 3660 ante
679 3598 797 3660 locasse
819 3599 1003 3677 smaragdos,

198 3711 282 3773 Unde
303 3710 358 3773 tibi
379 3717 426 3772 ost
442 3708 589 3789 jaculatus
612 3725 696 3770 amor
717 3727 770 3770 sua
793 3708 910 3785 cognita
933 3707 1002 3770 tela.

240 3818 331 3882 ldillia
350 3836 399 3879 me
421 3819 561 3880 ardorum
583 3818 684 3899 quavis
706 3819 801 3897 magis
824 3819 914 3880 incita
934 3820 1051 3882 flamma

199 3928 411 4009 compulerant
432 3929 527 3990 oculis
550 3927 654 3990 oculos
676 3937 812 4008 spectare
834 3929 987 4002 micantes,

137 4060 182 4112 lte
200 4039 259 4112 Qui
279 4046 378 4102 tamen
400 4038 431 4101 in
453 4038 597 4118 gryphum
620 4035 716 4100 deliro
738 4038 850 4100 lumine
872 4037 998 4099 stabant.

199 4149 237 4210 Ut
259 4148 304 4210 sol
326 4147 359 4208 in
381 4147 546 4228 speculum,
568 4150 680 4228 pariter
701 4147 836 4210 radiabat
856 4147 886 4207 in
909 4147 990 4208 illam

199 4259 309 4322 Natura
331 4257 441 4337 duplex
458 4258 602 4332 animans,
624 4260 739 4322 ratione
761 4257 912 4337 modoque

199 4367 365 4447 blultiplici.
389 4401 428 4414 -
450 4367 489 4430 llt
509 4387 557 4430 me
578 4387 628 4430 res
650 4369 725 4430 baec
746 4366 918 4430 admiranda
939 4373 1108 4444 stupentem

199 4478 324 4552 Fecerit,
348 4497 366 4539 o
388 4475 490 4553 lector,
513 4485 629 4559 reputa,
651 4485 723 4540 tunc
744 4495 811 4546 cum
833 4477 898 4557 ipse
919 4476 1054 4538 videbam

1097 4577 1150 4630 17*

496 4683 690 4692 m
697 4677 1187 4689 m·.---....--
