3362 5414
310 1866 447 2023 Quoad
473 1934 667 2031 longissime
694 1959 830 2033 possum
856 1946 966 2008 mente
993 1938 1160 2034 respicere
1186 1937 1327 2033 spatium
1350 1959 1444 2034 prae·

201 2051 290 2124 teriti
334 2054 494 2150 temporis
536 2065 570 2126 et
612 2079 724 2126 rerum
766 2054 1004 2128 Saxonioarum
1045 2055 1239 2128 memoriam
1276 2053 1444 2128 reeordari

202 2169 368 2264 ultimam,
396 2173 474 2244 inde
502 2197 607 2270 usqne
634 2183 789 2269 repetens
816 2172 1088 2268 gloriosissimos,
1115 2173 1254 2270 quibuS‚
1281 2173 1443 2246 Parncurs

202 2287 436 2382 Sunumssruu,
459 2289 535 2385 jure
557 2290 628 2365 Tuo
656 2291 793 2385 gaudes,
821 2289 965 2386 majores
985 2289 1080 2364 video
1104 2301 1138 2363 et
1159 2292 1250 2388 ipsos
1275 2291 1308 2364 in
1325 2291 1445 2364 studiis

201 2405 415 2480 humanitatis
442 2433 481 2480 ae
507 2408 678 2480 literarum
712 2410 888 2506 praecipue
922 2418 1070 2482 versatos
1106 2409 1210 2516 inissa
1245 2419 1279 2482 et
1303 2410 1376 2484 aliis
1403 2410 1444 2484 ad

202 2534 290 2596 artes
317 2526 478 2620 ingenuas
505 2527 568 2599 rite
597 2527 751 2598 colendas
778 2538 931 2600 auctores
958 2537 991 2598 et
1017 2527 1118 2600 duces
1146 2527 1322 2602 exstitisse.
1374 2527 1447 2612 Qua

202 2642 243 2714 de
271 2667 386 2716 caussa
413 2643 446 2716 id
474 2644 595 2730 iecisse
621 2644 760 2740 putandi
787 2646 872 2738 sint,
907 2645 1002 2718 facite
1035 2646 1183 2742 proiecto
1211 2657 1263 2718 est
1282 2646 1445 2742 judicare,

202 2761 332 2858 siquis,
361 2763 416 2859 qui
443 2762 571 2835 fruetus
599 2764 729 2836 exiliis
757 2765 876 2836 studiis
902 2774 1068 2861 petantur,
1096 2764 1243 2836 animum
1268 2765 1445 2838 induxerit.

201 2879 265 2952 Per
297 2891 384 2952 artes
415 2881 573 2954 nimirum
600 2904 703 2975 regua
737 2882 951 2980 civitatesque
986 2882 1072 2974 otio,
1108 2883 1226 2979 opibus
1260 2893 1294 2956 ot
1325 2883 1446 2956 virtuto
1576 2949 1579 2958 .

202 2998 339 3088 florent3
367 3024 427 3095 per
454 3009 541 3071 artes
568 3024 670 3096 prope
698 3024 826 3094 omnes,
853 3001 973 3099 quibus
996 2999 1275 3074 administrandae
1290 3000 1446 3098 reipubli-

203 3141 259 3189 cae
286 3142 407 3190 munus
436 3118 566 3213 obtigit,
593 3119 694 3190 rectis
720 3119 818 3192 lineis
844 3120 885 3190 ad
901 3118 1108 3215 sapientiam,
1131 3119 1306 3214 justitiam,
1334 3143 1446 3194 curam

153 3317 156 3326 .
203 3236 316 3308 salutis
358 3237 510 3332 publicae
545 3249 578 3308 et
617 3237 657 3308 ad
692 3261 790 3310 omne
835 3261 941 3332 genus
981 3238 1117 3310 laudum
1159 3237 1352 3312 eximiarum
1387 3237 1446 3312 du·

204 3365 324 3436 cuntur
357 3365 391 3426 et
424 3354 648 3450 applicantur;
684 3379 744 3450 per
777 3366 864 3428 artes
901 3355 1042 3451 denique
1076 3379 1193 3448 reges,
1227 3367 1283 3447 ut,
1326 3357 1445 3452 quibua

202 3482 377 3568 praesunt,
411 3473 551 3570 populos
579 3473 734 3546 omnibns
766 3473 920 3545 fortunae
947 3473 1044 3545 bonis
1070 3473 1249 3568 locupletes
1276 3485 1310 3544 et
1336 3474 1445 3570 copio-

126 3581 130 3588 ’
204 3615 270 3682 sos,
297 3592 422 3664 viribus
449 3602 482 3664 et
499 3593 695 3665 auctoritato
721 3602 927 3688 praestantes
954 3599 998 3681 et,
1026 3592 1112 3689 quod
1141 3601 1316 3686 capntest,
1344 3593 1445 3666 animi

203 3709 377 3782 virtutibus
404 3711 585 3784 instructos
612 3721 813 3808 ornatosque
840 3711 998 3803 reddant,
1035 3711 1145 3784 studio
1179 3711 1311 3784 incendi
1338 3714 1446 3786 solent

203 3829 506 3902 vehementissimo.

305 3948 374 4020 Sed
399 3947 478 4044 quid
506 3948 638 4020 tandem
665 3959 734 4041 est,
769 3973 827 4020 cur
853 3947 917 4020 hoc
944 3947 1041 4020 modo
1076 3951 1111 4018 in
1142 3947 1258 4021 laudes
1285 3947 1444 4044 majorum

203 4065 366 4158 Tuorum,
401 4066 564 4138 aneurs
594 4065 837 4158 Sunnnrssruu,
873 4091 1045 4139 excurram
1080 4076 1113 4138 et
1145 4067 1446 4164 felicitatemque

203 4184 345 4258 Saxonia
381 4210 460 4282 prae
487 4196 535 4258 tot
570 4210 609 4257 ac
642 4186 742 4258 tantis
776 4185 927 4280 Europae
962 4185 1147 4256 civitatibus
1184 4185 1224 4258 ab
1258 4185 1445 4282 antiquissi-

202 4303 265 4374 mis
292 4304 371 4375 inde
398 4303 603 4401 temporibus
630 4306 669 4376 ad
696 4305 786 4376 huuc
812 4328 917 4400 usque
945 4303 1033 4376 diem
1064 4304 1191 4399 viguit,
1227 4303 1321 4400 quasi
1352 4327 1445 4399 prae·

203 4423 295 4494 conis
330 4447 410 4494 voce
446 4423 657 4520 praedicemi
720 4423 809 4507 Quid
852 4432 921 4514 est,
968 4423 1055 4517 quod
1098 4423 1219 4494 artium
1260 4421 1446 4496 liberalium

202 4541 360 4614 utilitates
387 4542 461 4615 Tibi
488 4542 647 4642 explicem
673 4552 707 4613 et
732 4565 943 4632 recenseam,
971 4542 1091 4639 qnippe
1119 4541 1173 4638 qui
1201 4541 1272 4636 ipse
1298 4541 1446 4619 omnium
