3214 5400
333 519 393 584 166
621 505 636 534 ·’
758 522 939 575 eununruan
957 525 1017 576 66.

279 773 281 778 -
346 751 380 803 46
398 723 479 802 Inter
499 736 701 820 magnanimae
722 743 844 805 umbras
867 743 982 824 latique
1003 744 1144 818 vicissim,

399 851 480 924 Quas
501 869 562 912 nun
584 851 745 931 perleviter
765 870 818 913 vos
840 851 891 914 lriu
913 859 1048 932 spectare
1065 853 1189 934 juvabit.

398 961 474 1024 Tres
496 969 610 1022 tantum
632 979 741 1042 passus
763 979 812 1023 me
834 961 1028 1024 descendisse
1050 972 1194 1043 putarem,

397 1069 471 1132 Cum
493 1070 571 1132 subii
592 1089 629 1133 an
649 1070 709 1132 vidi
732 1071 882 1150 quendam
903 1091 950 1134 me
972 1071 1083 1156 lumine
1105 1082 1232 1154 utroque

396 1180 599 1254 Lustrantem‚
624 1180 752 1244 similem
774 1181 881 1260 eupide
903 1199 951 1244 me
973 1199 1099 1246 noscere
1121 1185 1228 1246 arenti.

345 1295 379 1349 46
441 1288 571 1370 Tempus
594 1299 673 1364 erat,
696 1308 755 1369 quo
779 1297 830 1352 aer
851 1289 1000 1369 nigraha,
1023 1309 1080 1354 nee
1102 1299 1201 1356 tamen
1223 1302 1288 1356 ater

396 1399 497 1478 Usque
519 1400 609 1474 adeo,
632 1407 665 1461 ut
685 1401 767 1461 visus
789 1417 850 1462 nnn
872 1400 1039 1464 declararet
1059 1402 1187 1481 utrique,

398 1509 481 1582 Quae
502 1508 615 1572 latuere
637 1509 731 1589 prius.
775 1509 846 1571 Mihi
867 1519 989 1572 venerat
1009 1510 1130 1585 obvius,
1153 1512 1197 1574 illi

397 1618 508 1680 Obvius
530 1619 597 1699 ipse
619 1619 673 1681 lui.
716 1619 810 1688 Nune,
829 1619 922 1699 judex
943 1621 1055 1699 optime
1078 1640 1187 1695 rerum,

397 1727 492 1802 Quam
513 1729 608 1790 laetus
629 1747 719 1808 pravo
743 1736 890 1790 semotum
912 1733 940 1790 te
963 1731 1080 1808 agmine
1101 1729 1175 1792 vidi!

345 1848 378 1904 66
395 1826 481 1900 Nulla
503 1838 650 1902 salutandi
671 1839 746 1900 ratio
768 1837 931 1900 bellissima
953 1840 1040 1902 nobis

395 1948 556 2010 Praeterita
579 1956 634 2010 est
655 1981 698 1992 —
719 1947 832 2012 Deinde
854 1948 910 2010 hae
932 1949 1031 2030 eoepit
1050 1969 1100 2012 me
1122 1967 1194 2012 vnce
1217 1965 1338 2028 rogare:

396 2058 609 2137 Quampridem
630 2073 753 2134 gressus
775 2066 804 2120 te
825 2066 957 2120 muntem
979 2058 1061 2120 duxit
1082 2061 1119 2121 ad
1140 2061 1230 2122 istum

394 2167 587 2247 Longinquas
609 2178 829 2246 transgressum
851 2167 970 2231 undas?
991 2201 1033 2214 -·-
1056 2170 1123 2242 011,
1146 2171 1190 2232 siu
1211 2187 1266 2247 ego
1290 2179 1403 2246 contra

394 2277 460 2339 Hoc
480 2297 567 2339 mane
588 2278 694 2340 adveni
715 2297 772 2358 per
791 2279 888 2340 tristia
909 2297 1000 2358 regna
1022 2289 1153 2358 vagatus,

345 2397 377 2452 65
396 2388 551 2467 Quamque
572 2387 678 2461 habui,
700 2406 749 2450 me
770 2390 829 2450 vita
850 2397 964 2461 manet,
987 2389 1060 2451 linet
1081 2389 1147 2469 ipse
1168 2408 1224 2468 per
1245 2390 1320 2451 istos

393 2497 479 2559 Nune
501 2497 588 2560 aliem
610 2499 762 2576 acquiram
783 2517 900 2560 cursus.
943 2498 1000 2561 Ubi
1022 2499 1148 2578 perculit
1170 2517 1257 2560 aures
1375 2501 1378 2510 “

394 2606 474 2668 llaec
494 2625 565 2680 rnx,
588 2607 763 2669 Sunnennns
786 2608 875 2670 simul
903 2617 933 2672 et
954 2608 1043 2671 siaul
1064 2609 1122 2670 iste
1143 2617 1307 2671 retrorsum

393 2715 576 2794 Repressere
597 2718 706 2796 pedes,
730 2725 762 2780 ut
783 2719 867 2798 queis
889 2719 979 2780 timor
1000 2737 1071 2781 ussa
1092 2726 1215 2798 repente

395 2823 538 2904 Occupat.
581 2827 664 2887 Alter
684 2827 746 2888 adit
766 2836 877 2902 vatem,
900 2829 976 2908 petit
996 2828 1102 2891 umbra
1124 2829 1278 2892 sedentem

344 2949 377 3004 eo
395 2934 434 2996 Se
455 2942 595 3015 prepter,
618 2935 764 2998 clamans:
788 2938 943 3013 Cnnnnns,
966 2940 1116 3018 exsurgite
1144 2938 1275 3018 adesque

394 3044 534 3118 visurus,
557 3045 688 3106 donante
708 3048 786 3120 lieo,
811 3048 882 3126 quid
905 3049 998 3126 gratia
1020 3049 1126 3128 possit.

436 3154 549 3216 Deinde
571 3155 659 3216 mihi:
682 3156 741 3217 Per
762 3175 838 3235 quae
860 3166 892 3220 tu
914 3167 994 3220 tanta
1017 3168 1047 3220 et
1066 3159 1192 3220 maxima
1213 3158 1305 3222 debes

394 3263 456 3336 llli,
479 3264 530 3343 qui
552 3264 678 3345 primam
701 3283 838 3328 caussam
860 3269 904 3329 sie
926 3269 1016 3330 eorde
1037 3268 1182 3343 recondit7

394 3375 431 3435 Ut
452 3381 608 3455 penetrare
628 3375 737 3436 vadum
758 3395 819 3437 non
842 3378 895 3450 sit,
919 3386 1003 3438 trans
1026 3397 1156 3457 aequora
1178 3380 1237 3442 lata

344 3493 377 3548 65
395 3483 469 3544 Cum
489 3483 619 3562 primum
640 3485 759 3559 venies,
780 3487 853 3548 milri
875 3495 975 3549 natam
996 3489 1117 3550 hortare
1137 3487 1282 3563 loannes,

335 3623 341 3628 ·
393 3593 446 3664 Ut,
469 3611 545 3673 quae
567 3595 751 3674 respondent
771 3597 955 3671 insontibus,
979 3597 1056 3659 ostia
1078 3597 1177 3678 pulset

393 3702 452 3763 Pru
474 3721 532 3764 me.
574 3703 710 3783 Namque
731 3705 820 3785 liujus
842 3715 937 3769 mater
958 3707 1067 3770 delevit
1089 3727 1229 3780 amorem,

393 3810 486 3872 Primi
508 3812 599 3876 oblita
620 3813 689 3886 viri,
711 3815 872 3890 maredo,
897 3835 956 3896 qun
979 3837 1016 3880 ex
1038 3829 1172 3898 tempore
1193 3819 1291 3880 velum

393 3920 499 3982 Album
520 3922 657 3996 mutavit,
680 3924 760 4002 quod
782 3925 879 3987 adhue
901 3935 1005 4006 optare
1027 3937 1153 3990 neeesse

344 4041 377 4092 76
392 4031 477 4092 Nune
498 4030 589 4093 hahet
609 4033 721 4094 infelix.
763 4034 854 4096 Valde
877 4047 924 4098 est
944 4036 1009 4100 leve
1031 4057 1121 4098 nosse
1143 4055 1199 4117 per
1220 4039 1316 4110 istum,

392 4140 501 4202 Aestus
524 4159 611 4221 quam
634 4143 692 4204 nito
714 4144 835 4206 feminei
859 4145 1048 4224 extinguatur
1069 4148 1189 4215 amoris.

394 4249 430 4309 Ni
452 4259 593 4312 renovent
615 4253 749 4315 flammas
771 4254 851 4316 neuli
874 4263 1031 4336 tactusque
1053 4258 1235 4337 trequentes.

393 4356 460 4419 Non
481 4357 524 4419 illi
548 4361 690 4424 tumulum
712 4372 773 4426 tam
793 4365 951 4444 pulchrum
972 4367 1074 4447 vipera
1096 4368 1212 4439 candet,

369 4513 372 4520 ,
395 4467 490 4540 Quam
512 4469 713 4535 lledinlanum
735 4474 790 4536 sub
812 4493 943 4555 pugnam
962 4478 1068 4556 pandit
1089 4479 1120 4540 in
1141 4495 1239 4552 aures,
