3282 5404
636 487 772 538 Plutotst
790 489 859 540 xxti.

247 709 339 772 Binae
361 708 403 770 ita
424 706 540 770 belluae
562 715 640 768 eant.
683 706 767 767 Eheu
789 705 943 786 patientia,
967 725 1043 788 qnae
1065 720 1126 782 tam

179 824 231 878 125
247 820 308 882 Ista
331 818 382 879 diu
404 815 533 897 pateris!
556 849 598 862 -
620 815 681 879 Sed
702 815 792 878 verha
815 816 871 879 suh
893 817 949 878 ista
972 819 1118 896 gradatim

249 927 425 1008 Complures
445 927 507 989 ridi
529 925 641 988 faculas
658 925 848 988 descendere
870 927 976 1006 agique

250 1037 377 1110 Circum,
400 1035 519 1116 illisque
541 1035 632 1097 decus
654 1035 817 1096 renovabat
838 1035 972 1115 singulus
995 1036 1087 1099 orbis.

250 1146 432 1210 circumiere
454 1145 542 1208 istam
564 1162 599 1205 ac
621 1152 769 1207 steterunt
789 1152 931 1226 tantoque
951 1165 1075 1208 susurro

249 1255 418 1318 clamavere
441 1273 555 1327 omnes,
578 1262 612 1314 ut
631 1253 745 1315 nullum
768 1254 898 1335 quiveris
920 1255 970 1316 isti

179 1375 232 1427 13⁰
247 1364 362 1426 Isthinc
384 1363 551 1426 assimilare
573 1381 697 1437 souum;
720 1382 776 1425 neo
797 1364 878 1426 veuit
899 1366 935 1428 ad
959 1385 1045 1428 aures

248 1474 411 1536 Verborum
433 1481 547 1546 mutus,
571 1481 653 1536 tanto
676 1483 836 1554 superante
858 1475 979 1537 tonitru.

728 1733 830 1816 XXll·

292 1910 390 1984 Quom
413 1917 474 1972 tota
495 1911 631 1972 haereret
651 1910 725 1972 mihi
747 1929 834 1972 mens
856 1929 999 1991 oppressa
1023 1925 1154 1994 stupore,

250 2020 390 2093 Quaesivi
412 2020 577 2094 Dominam,
601 2039 676 2100 quac
698 2038 745 2083 me
768 2020 904 2095 ducebat,
922 2034 960 2083 ut
982 2023 1081 2084 intans

249 2129 431 2208 Confugiens
455 2148 583 2210 semper,
607 2149 665 2210 quo
686 2130 754 2210 plus
777 2130 915 2206 conlidit3
937 2140 968 2192 at
989 2131 1039 2192 illa

248 2239 341 2310 ilicet,
367 2247 398 2300 ut
419 2252 514 2302 mater
534 2257 678 2319 praesens
701 2257 875 2301 succurrere
897 2240 975 2320 proli

214 2348 389 2422 5Pallidae,
412 2349 572 2423 anhelanti,
596 2368 653 2428 qua
676 2349 806 2411 animum
828 2349 906 2411 solet
927 2350 1046 2423 addere,
1069 2369 1149 2424 voce,

249 2459 300 2520 Sic
321 2457 377 2520 ait:
399 2461 445 2520 dn
466 2459 575 2532 nescis,
599 2466 628 2520 te
651 2458 727 2522 coeli
750 2458 860 2539 templa
881 2457 1007 2520 tenere?

249 2569 293 2630 hu
316 2567 425 2640 nescis,
448 2577 584 2630 sanctum
607 2568 767 2642 coelorum,
791 2569 937 2648 quidquid
958 2567 1067 2647 ubique
1090 2566 1161 2630 est?

251 2679 392 2756 Quaeque
414 2677 504 2739 isthic
525 2678 609 2752 liunt,
632 2679 730 2740 studio
752 2678 817 2740 fieri
840 2679 940 2740 omnia
962 2677 1068 2740 recto?

250 2787 408 2861 Quomodo
431 2796 594 2851 concentus
615 2798 644 2851 te
666 2795 894 2852 transmutasset
915 2797 946 2850 et
965 2807 1018 2850 ore

199 2911 233 2962 lo
248 2898 283 2959 lu
304 2904 408 2959 nostro
430 2897 519 2970 usus,
541 2915 621 2958 nunc
643 2905 689 2960 est
712 2898 766 2960 tihi
787 2900 899 2978 lingere
920 2907 1028 2969 mente,

249 3008 281 3070 Si
303 3015 384 3070 tanto
406 3004 433 3068 is
456 3005 569 3068 clamor
589 3007 741 3070 concussit
762 3017 884 3087 pectora
904 3017 1002 3070 motu:

247 3117 281 3180 ln
304 3135 362 3198 quo
386 3115 412 3178 si
434 3114 571 3180 audisses
593 3133 712 3178 carmen
735 3131 893 3178 commune
915 3105 1097 3197 prccantum,

247 3227 311 3288 lam
334 3225 388 3288 tihi
409 3235 480 3288 nota
501 3226 588 3299 foret,
612 3243 700 3306 quam
721 3241 837 3298 cernes,
860 3233 956 3286 morte
977 3226 1153 3308 priusquam

249 3335 426 3409 Occumhas,
448 3353 586 3415 poenam.
630 3335 690 3408 Qui
712 3333 821 3396 isthinc
843 3343 902 3398 stat
921 3335 1069 3416 pendulus
1091 3337 1184 3410 ensis,

197 3459 230 3513 15
247 3445 314 3509 Non
338 3446 408 3519 cito,
430 3445 593 3508 nectardo
615 3444 721 3518 caedit,
744 3462 800 3506 nec
821 3445 925 3507 fallere
947 3463 1127 3525 quemquam

247 3556 300 3618 Est
321 3556 438 3628 solitus,
461 3563 580 3635 praeter
600 3562 813 3636 properantum
835 3563 946 3635 optata,
966 3565 1137 3635 metumque

246 3665 377 3727 Poenam
400 3673 633 3746 exspectantum.
654 3699 697 3710 —
717 3666 771 3726 hst
791 3664 865 3728 alias
884 3665 947 3745 jam
969 3666 1087 3746 suspice
1110 3667 1261 3740 dammas,

246 3775 321 3837 Nam
342 3774 427 3836 valde
449 3774 581 3838 illustres
603 3774 728 3848 animas,
751 3775 777 3836 si
799 3775 909 3836 lumina
932 3782 1046 3849 nostro,
1170 3811 1172 3821 ·

182 3921 186 3932 .
247 3884 286 3946 Ut
306 3884 385 3958 dico,
408 3883 525 3946 avultu
549 3883 687 3958 abducas,
710 3884 822 3963 fulgere
843 3882 968 3946 videbis.

195 4015 231 4066 2⁰
291 3994 327 4056 Ut
346 3994 442 4056 risum
465 4002 511 4056 est
531 3993 584 4066 illi,
606 3994 721 4074 reliqua
743 3993 842 4056 omnia
864 3993 1069 4074 circumspexi,

245 4103 283 4164 m
304 4110 422 4165 centum
445 4103 503 4166 ridi
525 4103 661 4182 globulos
683 4105 852 4184 splendere,
875 4104 1022 4183 simulque

245 4213 382 4275 Pulchris
405 4232 439 4275 sc
461 4213 583 4276 alterius
604 4214 696 4276 radiis
720 4233 826 4276 ornare
847 4213 991 4276 vicissim.

245 4321 366 4384 Staham
387 4342 470 4386 more
492 4323 547 4386 viri
569 4324 625 4386 suh
648 4322 737 4385 corde
759 4324 921 4404 prementis
944 4332 1061 4386 acutum

243 4432 415 4496 hlucronem
437 4433 590 4509 desiderii,
612 4451 668 4496 nec
689 4451 763 4496 voce
785 4452 890 4512 rogare
