3214 5400
568 546 747 621 runcnroau
767 547 803 595 u.

1071 639 1300 648 m*-

84 595 194 764 q..

101 766 103 771 ’
196 761 372 824 Umbrarum
394 762 451 824 sibi
473 764 532 826 iter
552 765 622 826 telin
643 761 790 842 nobisque
811 772 958 841 rogantes,

195 873 333 934 Pondere
355 891 416 934 non
438 873 525 936 aliter
545 892 678 953 pressae,
701 891 736 936 ac
758 873 935 953 quandoque
957 881 1095 952 gravatur

195 982 230 1044 ln
253 983 367 1044 somnis
390 1000 487 1059 aeger,
509 991 660 1064 reptantes
682 982 815 1044 membra
838 981 991 1044 trahebant

85 1078 87 1094 '
148 1099 179 1149 tt
197 1091 310 1154 Omnes
332 1093 362 1153 in
385 1109 497 1171 gyrum,
522 1094 669 1156 cruciatae
691 1093 809 1171 dispare
831 1109 936 1171 poena,

196 1201 235 1261 Et
255 1201 360 1275 iassae,
383 1201 498 1281 primae
521 1201 699 1265 scandentes
721 1217 790 1264 sara
812 1218 949 1273 coronae,

198 1310 272 1372 Sese
293 1310 498 1390 abstergentes
519 1313 623 1374 mundi
646 1311 771 1391 caligine
792 1319 894 1372 tactas.

197 1420 231 1481 Si
253 1419 341 1482 nobis
362 1420 444 1482 illiue
465 1435 624 1501 uunquam*
640 1421 818 1484 benedicere
841 1429 968 1494 cessant,

199 1529 282 1603 Quae
304 1541 432 1610 possunt
453 1531 527 1610 ipsis
551 1539 580 1594 et
601 1531 678 1593 dicta
701 1539 730 1594 et
751 1531 876 1592 reddere
898 1532 972 1592 iacta

150 1649 180 1702 at
197 1641 260 1713 isti,
284 1641 368 1720 queis
390 1641 489 1702 radice
510 1641 589 1703 bona
613 1649 659 1704 est
681 1642 789 1703 donata
811 1639 971 1703 voluntas?

239 1750 295 1811 Hic
317 1749 403 1812 decet
424 1760 454 1813 et
471 1751 586 1831 justum
608 1759 694 1830 atque
716 1750 799 1830 pium
821 1759 876 1822 est,
899 1766 1073 1812 succurrere
1095 1751 1191 1831 justis,

198 1859 306 1921 Eiuere
328 1861 464 1922 advectas
487 1863 602 1935 sordes,
625 1870 658 1922 ut
678 1879 752 1940 pura
773 1861 907 1939 levisque

200 1970 342 2050 Quaeque
364 1970 461 2032 anima
484 1971 637 2032 aethereas
659 1970 783 2032 evadere
804 1970 902 2049 possit
923 1971 959 2032 ad
982 1970 1080 2032 urbes

197 2080 315 2142 iustitia
336 2095 370 2140 ac
391 2080 487 2159 pietas
510 2081 554 2155 sic
575 2081 645 2142 dent
666 2079 827 2142 levioribus
850 2079 894 2140 iro

150 2199 183 2251 30
199 2190 294 2264 Quam
316 2190 445 2269 primum
467 2189 561 2262 vobis
585 2189 720 2269 alamque
742 2190 853 2266 agitare
876 2188 992 2263 solutis,

198 2299 282 2374 Quae
304 2319 357 2360 vos
380 2285 503 2373 attollat,
526 2316 585 2379 quo
608 2299 666 2360 fert
686 2299 829 2360 immensa
853 2300 979 2378 cupidu;

198 2409 262 2483 Qua
285 2410 371 2471 datur
392 2409 428 2470 ad
452 2408 548 2470 scalas
570 2407 706 2470 breviore
728 2409 870 2470 accedere
893 2426 991 2482 cursu,

196 2519 309 2593 Dicite3
332 2518 378 2579 siu
399 2518 501 2598 piures
524 2517 620 2580 aditus
642 2520 768 2580 fortasse
790 2527 939 2598 parantur,

84 2710 85 2719 ἵ
197 2629 256 2703 Qui
277 2629 376 2690 minus
399 2625 518 2690 acclivis
539 2627 703 2690 descendat
724 2628 760 2690 ad
782 2629 850 2699 ima,
872 2628 994 2702 docetc;

83 2728 85 2754 ⁴
149 2743 179 2796 aa
195 2739 269 2801 Nam
292 2757 394 2800 comes
417 2738 456 2799 ob
478 2731 596 2817 pondus
619 2739 727 2811 camis
751 2757 809 2818 qua
830 2729 963 2800 indutus·
974 2737 1010 2800 ab
1032 2739 1126 2800 Adam

82 2867 85 2973 q
196 2848 261 2912 Huc
282 2847 371 2923 venit,
394 2849 502 2909 inritus
524 2867 616 2926 passu
638 2857 685 2910 est
706 2848 888 2911 adscendere
910 2865 1028 2928 parcus.

237 2960 363 3021 Pectore
386 2977 445 3038 quo
469 2958 603 3032 exierint,
625 2977 684 3020 non
708 2966 753 3020 sat
775 2958 952 3036 dignoscere
975 2957 1063 3037 quivi,

176 3091 177 3096 ¹
198 3069 280 3142 Quae
303 3069 374 3130 iacti
394 3085 540 3148 responsa
561 3068 629 3130 duci
651 3077 721 3130 suot
741 3067 854 3129 reddita
877 3067 912 3129 ab
936 3067 1011 3140 iliis3

197 3179 234 3240 At
256 3179 366 3240 dictum
389 3185 449 3240 est:
472 3177 572 3239 Dextri
593 3178 749 3239 nobiscum
771 3177 849 3238 banc
870 3177 910 3238 ite
932 3193 986 3257 per
1007 3191 1098 3249 oram,
1159 3189 1161 3200 ¹

148 3296 182 3348 40
198 3289 358 3349 Invenietis
381 3289 447 3360 iter,
470 3287 550 3367 quod
570 3288 654 3349 virus
677 3305 799 3366 carpere
822 3287 928 3366 possit.

198 3399 234 3459 Et
256 3398 479 3478 superimpositi
501 3399 531 3459 ui
554 3397 706 3459 obstarent
726 3397 858 3476 pondera
882 3397 953 3468 saxi,

199 3507 265 3582 Quo
287 3509 432 3587 premitur
453 3508 559 3581 cervix,
581 3508 660 3569 fastu
682 3507 753 3568 oiim¹
775 3506 850 3568 elata
873 3505 1013 3585 superbo,

200 3617 295 3691 Quem
316 3625 440 3696 propter
460 3633 554 3696 prona
575 3617 648 3677 mihi
671 3623 791 3698 oportet
810 3633 930 3677 verrere
953 3616 1049 3677 fronte

199 3727 339 3788 Terram:
363 3727 443 3788 hunc
464 3727 649 3806 suspicerem
671 3726 777 3798 vivum,
802 3727 851 3806 qui
874 3726 993 3787 nomina
1017 3725 1102 3796 celat,

149 3841 183 3898 45
199 3837 242 3898 An
266 3836 339 3897 mihi
360 3855 450 3898 nosse
472 3837 569 3916 ipsum
591 3836 688 3909 liceat,
710 3837 910 3916 precibusque
932 3851 1059 3907 morere,

201 3947 237 4008 Ut
257 3947 335 4008 mole
358 3947 495 4026 oppressi
517 3954 598 4008 tanta
619 3947 814 4008 miserescere
838 3946 941 4008 discat.

241 4055 280 4116 nli
304 4073 397 4134 genus
421 4075 455 4118 ex
477 4057 562 4118 Latio
585 4064 639 4130 est,
662 4057 822 4136 magnique
845 4057 1016 4118 exsemine
1039 4056 1176 4116 iletrusci

199 4165 268 4245 lpse
292 4164 447 4227 Gornnouo
470 4166 544 4228 exivi
568 4169 700 4245 genitore
723 4174 839 4228 oreatus

199 4277 463 4351 Aunonnanmscc3
487 4293 524 4338 an
545 4283 659 4338 vestras
681 4276 740 4337 hoc
762 4295 871 4338 nomen
893 4276 929 4338 ad
952 4293 1040 4337 aures

147 4393 182 4446 5⁰
198 4384 330 4459 Venerit
353 4385 431 4448 haud
455 4387 573 4447 scirem.
616 4385 737 4448 Priscus
760 4405 807 4448 me
829 4386 960 4464 sanguia,
984 4394 1013 4446 et
1034 4385 1090 4447 alta

78 4491 81 4519 ²
198 4494 343 4574 Majorum
366 4495 475 4558 decora
496 4515 591 4575 usque
614 4495 688 4558 adeo
711 4497 809 4567 iecere
830 4503 1002 4568 tumentem,
1210 4510 1213 4520 “
1326 4506 1329 4510 ’

1125 4596 1155 4648 12
