3234 5396
338 523 402 586 284
808 527 942 576 Ptntutst
961 529 997 577 lll.

404 744 556 806 Humanas
579 744 693 806 animas
716 763 783 807 curn
805 745 879 807 dicit
900 745 936 807 ad
960 755 1039 808 astra
1061 747 1176 823 redire3

404 853 479 916 Nam
501 853 634 917 suasisse
657 853 724 928 sibi,
749 874 824 936 quae
846 855 969 926 dixerat,
993 855 1058 936 ipse
1080 857 1206 932 videtur,

403 965 481 1026 Istas
505 964 574 1026 inde
596 971 678 1026 ratus
697 963 819 1026 'decisas
841 973 975 1046 tempore
997 966 1033 1028 ab
1057 966 1118 1041 illo,

354 1095 388 1148 50
405 1074 472 1147 Quo
495 1074 642 1137 humanos
664 1082 746 1136 artus
769 1073 975 1150 informavere,
997 1085 1122 1139 vocante

404 1183 524 1246 Nature.
566 1183 729 1246 letaliter
751 1183 877 1246 sortasse
900 1185 926 1246 is
949 1185 1087 1260 senserit,
1110 1194 1198 1265 atque

403 1294 465 1355 Vox
487 1301 575 1356 sonat
596 1313 631 1356 ac
653 1302 757 1373 posset
778 1294 853 1368 lieri,
877 1301 918 1368 ut,
942 1313 1017 1375 quae
1039 1295 1177 1374 intelligit
1200 1296 1260 1371 ille,

403 1402 571 1466 lleridenda
593 1402 691 1464 minus
715 1403 834 1466 inerint.
878 1403 951 1466 Nam
975 1404 1001 1466 si
1024 1405 1074 1466 ille
1095 1413 1231 1486 putasset

402 1513 448 1576 dd
470 1513 614 1593 sphaeras
636 1512 710 1576 istas
731 1513 849 1576 laudern
871 1513 1074 1596 probrumque
1095 1515 1196 1577 venire

352 1623 558 1698 revinctum,
582 1643 658 1704 quae
680 1631 781 1686 nostra
802 1623 902 1685 valent
923 1623 954 1685 in
976 1624 1101 1699 semina,
1124 1626 1227 1686 forsan

401 1733 545 1796 Nonnihil
567 1733 598 1794 iu
620 1733 682 1795 reri
704 1733 822 1812 signum
843 1725 894 1794 hic
915 1733 1076 1796 ollenderit
1096 1753 1194 1796 arone.

401 1843 466 1906 lloe
489 1862 577 1906 secus
598 1852 762 1923 acceptum,
782 1843 845 1924 jam
866 1851 948 1906 recto
970 1843 1088 1906 tramite
1110 1852 1205 1906 totum

402 1953 514 2015 Avertit
535 1953 678 2014 mundum
701 1951 754 2026 sie,
778 1959 810 2013 ut
832 1953 1017 2032 persuaserit
1038 1973 1123 2016 error

403 2061 588 2142 Compellare
609 2063 692 2124 Jovis
713 2062 875 2142 Martisque
898 2073 928 2124 ct
948 2082 1059 2125 nomen
1080 2064 1168 2126 inane

352 2183 385 2234 60
402 2171 552 2236 Mercurii.
596 2173 655 2234 Sed
680 2191 755 2253 quae
776 2181 907 2234 mentem
929 2191 999 2234 eura
1023 2174 1113 2235 altera
1137 2182 1264 2254 torquet,

402 2283 456 2344 Est
476 2283 576 2344 minus
598 2281 648 2344 illa
671 2301 800 2358 nocens3
823 2301 891 2344 nam
912 2289 941 2344 te
963 2284 1040 2345 haud
1065 2284 1212 2345 abducere
1235 2283 1333 2363 quiret

402 2393 485 2455 Illius
508 2391 685 2472 improbitas
707 2411 724 2454 a
746 2411 804 2453 me.
849 2391 881 2456 Si
903 2401 1006 2454 nostra
1028 2393 1143 2454 videtur
1260 2469 1262 2476 Ι

401 2502 521 2565 lustitia
545 2521 638 2582 aequa
660 2502 759 2564 minus
782 2501 968 2576 mortalibus,
989 2503 1064 2566 haee
1085 2504 1132 2564 via
1154 2502 1240 2564 vobis

401 2613 589 2692 Vestiganda,
612 2613 701 2674 fidem
724 2620 850 2686 exercet,
873 2629 935 2672 non
957 2633 1060 2693 sparsa
1083 2612 1186 2674 latenti
1209 2621 1255 2674 est

351 2735 384 2788 tt
401 2722 569 2786 Haereseos
591 2722 666 2784 viro.
709 2722 747 2783 nt
769 2721 910 2802 quoniam
930 2722 1007 2785 bene
1031 2722 1106 2784 inire
1128 2722 1257 2803 potestis

400 2833 523 2912 lngcnio
546 2832 614 2894 freti
637 2839 734 2893 vestro
756 2831 830 2893 baec
852 2832 1015 2912 penetralia
1037 2831 1109 2906 veri,

400 2942 443 3004 Te
467 2942 592 3017 mittam,
614 2951 647 3004 ut
669 2941 764 3022 cupis,
788 2941 945 3022 expletum.
990 2941 1032 3016 Si,
1051 2941 1153 3023 judice
1176 2949 1214 3015 te,
1238 2940 1278 3003 sit

399 3053 460 3127 Vis,
481 3053 543 3127 ubi,
566 3052 616 3133 qui
637 3052 757 3132 patitur,
781 3052 900 3130 cogenti
922 3051 965 3114 nil
987 3053 1058 3114 dare
1079 3059 1201 3132 perstet,

399 3162 450 3223 Vis
472 3179 566 3241 genus
587 3163 646 3224 hoe
668 3163 780 3223 animas
802 3179 863 3222 non
886 3161 1069 3224 excusaverit
1090 3161 1166 3223 illas.

350 3285 384 3338 70
399 3273 534 3351 Namque
555 3273 634 3334 haud
657 3273 785 3346 deficiet,
808 3271 833 3332 11
856 3272 939 3345 nolit,
961 3279 1059 3333 vestra
1080 3271 1233 3346 voluntas3

399 3383 460 3444 Sed
482 3381 561 3456 lacit,
585 3382 755 3444 inflamma
778 3382 856 3462 quod
879 3401 932 3442 vos
955 3382 1054 3443 iacere
1076 3401 1171 3463 usqne
1193 3383 1301 3444 videtis

398 3493 549 3566 Naturam,
567 3492 593 3552 si
616 3492 683 3572 quis
705 3490 834 3554 millenis
857 3489 965 3552 ictibus
989 3491 1087 3570 ignem

399 3602 551 3681 Torqueat
573 3602 702 3668 assidue.
746 3601 779 3665 si
801 3602 881 3663 flecti
903 3602 1030 3682 plusque
1052 3601 1210 3681 minusque

400 3715 439 3776 Se
461 3713 548 3781 sinat,
571 3711 683 3774 illatam
706 3712 796 3774 dubio
818 3713 922 3792 procul
944 3712 1011 3791 ipsa
1033 3712 1177 3773 secundat

350 3835 382 3890 75
398 3821 475 3884 Vim.
517 3822 584 3884 Non
607 3820 736 3883 absimili
757 3821 912 3884 inveniens
934 3821 988 3882 has
1010 3828 1110 3883 mente
1132 3821 1235 3894 luisse,

400 3933 473 3995 Cum
495 3932 585 3994 luerit
606 3951 740 4012 gressum
764 3932 799 3993 ad
824 3951 876 3992 sua
899 3932 1026 3992 claustra
1049 3931 1160 3993 'reiene
1182 3938 1326 4010 potestas.

400 4042 433 4106 Si
453 4061 539 4104 mens
561 4043 645 4104 firma
668 4041 728 4103 inis·
750 4041 830 4102 haud
853 4042 960 4103 cedere
983 4049 1063 4103 certa
1086 4041 1201 4114 luisset,

401 4154 484 4225 Quae
507 4160 545 4227 te,
568 4151 719 4225 Laurenti,
742 4153 892 4214 flammata
914 4151 945 4212 in
968 4129 1048 4213 crate
1070 4169 1191 4212 manere

398 4262 492 4324 Passa
514 4270 568 4324 est
581 4271 729 4337 assatum3
752 4279 809 4342 qua
831 4261 973 4324 Scaevola
994 4261 1098 4323 maluit
1120 4279 1209 4341 asper

347 4381 382 4436 80
397 4373 473 4434 Esse
495 4391 567 4434 suae
588 4373 717 4446 dextrae,
739 4371 785 4432 vis
807 4371 886 4432 unde
907 4372 1056 4434 avulserat
1076 4371 1153 4446 illas,

398 4482 463 4544 Huc
483 4482 657 4545 retraxisset
676 4483 797 4544 tandem
819 4501 872 4542 111
896 4495 1044 4563 quamque
1064 4483 1210 4556 voluntas,
