<?xml version="1.0" encoding="UTF-8"?>
<!DOCTYPE html PUBLIC "-//W3C//DTD XHTML 1.0 Transitional//EN"
    "http://www.w3.org/TR/xhtml1/DTD/xhtml1-transitional.dtd">
<html xmlns="http://www.w3.org/1999/xhtml" xml:lang="en" lang="en">
 <head>
  <title>
</title>
<meta http-equiv="Content-Type" content="text/html;charset=utf-8" />
  <meta name='ocr-system' content='tesseract 3.04.00' />
  <meta name='ocr-capabilities' content='ocr_page ocr_carea ocr_par ocr_line ocrx_word'/>
</head>
<body>
  <div class='ocr_page' id='page_1' title='image "./divinacomoedia01piazgoog_0355.png"; bbox 0 0 3234 5396; ppageno 0'>
   <div class='ocr_carea' id='block_1_1' title="bbox 341 511 1013 576">
    <p class='ocr_par' dir='ltr' id='par_1_1' title="bbox 341 511 1013 576">
     <span class='ocr_line' id='line_1_1' title="bbox 341 511 1013 576; baseline 0.013 -19"><span class='ocrx_word' id='word_1_1' title='bbox 341 511 404 576; x_wconf 71' lang='lat' dir='ltr'><strong>ppg</strong></span> <span class='ocrx_word' id='word_1_2' title='bbox 798 511 936 566; x_wconf 78' lang='lat' dir='ltr'><strong>ramnus</strong></span> <span class='ocrx_word' id='word_1_3' title='bbox 955 514 1013 566; x_wconf 81' lang='lat' dir='ltr'><strong>urs.</strong></span> 
     </span>
    </p>
   </div>
   <div class='ocr_carea' id='block_1_2' title="bbox 408 731 1350 1034">
    <p class='ocr_par' dir='ltr' id='par_1_2' title="bbox 408 731 1350 1034">
     <span class='ocr_line' id='line_1_2' title="bbox 408 731 1350 813; baseline 0.006 -19"><span class='ocrx_word' id='word_1_4' title='bbox 408 731 578 806; x_wconf 75' lang='lat' dir='ltr'><strong>Humorem,</strong></span> <span class='ocrx_word' id='word_1_5' title='bbox 600 739 710 796; x_wconf 84' lang='lat' dir='ltr'><strong>terram</strong></span> <span class='ocrx_word' id='word_1_6' title='bbox 732 741 822 813; x_wconf 85' lang='lat' dir='ltr'><strong>atque</strong></span> <span class='ocrx_word' id='word_1_7' title='bbox 843 731 942 813; x_wconf 85' lang='lat' dir='ltr'><strong>ignem</strong></span> <span class='ocrx_word' id='word_1_8' title='bbox 964 741 995 796; x_wconf 90' lang='lat' dir='ltr'><strong>et</strong></span> <span class='ocrx_word' id='word_1_9' title='bbox 1015 735 1104 798; x_wconf 85' lang='lat' dir='ltr'><strong>misle</strong></span> <span class='ocrx_word' id='word_1_10' title='bbox 1124 734 1224 801; x_wconf 83' lang='lat' dir='ltr'><strong>emnia</strong></span> <span class='ocrx_word' id='word_1_11' title='bbox 1245 753 1350 800; x_wconf 86' lang='lat' dir='ltr'><strong>eorum</strong></span> 
     </span>
     <span class='ocr_line' id='line_1_3' title="bbox 408 841 1251 924; baseline 0.002 -18"><span class='ocrx_word' id='word_1_12' title='bbox 408 841 529 906; x_wconf 79' lang='lat' dir='ltr'><strong>Semina</strong></span> <span class='ocrx_word' id='word_1_13' title='bbox 550 843 701 924; x_wconf 86' lang='lat' dir='ltr'><strong>eorrumpi</strong></span> <span class='ocrx_word' id='word_1_14' title='bbox 722 853 813 924; x_wconf 81' lang='lat' dir='ltr'><strong>atqua</strong></span> <span class='ocrx_word' id='word_1_15' title='bbox 833 861 939 923; x_wconf 89' lang='lat' dir='ltr'><strong>parum</strong></span> <span class='ocrx_word' id='word_1_16' title='bbox 960 843 1099 908; x_wconf 86' lang='lat' dir='ltr'><strong>diuturna</strong></span> <span class='ocrx_word' id='word_1_17' title='bbox 1118 861 1251 908; x_wconf 87' lang='lat' dir='ltr'><strong>manere.</strong></span> 
     </span>
     <span class='ocr_line' id='line_1_4' title="bbox 408 937 1194 1034; baseline 0.003 -18"><span class='ocrx_word' id='word_1_18' title='bbox 408 951 445 1016; x_wconf 77' lang='lat' dir='ltr'><strong>et</strong></span> <span class='ocrx_word' id='word_1_19' title='bbox 464 959 562 1016; x_wconf 89' lang='lat' dir='ltr'><strong>tamen</strong></span> <span class='ocrx_word' id='word_1_20' title='bbox 585 971 621 1014; x_wconf 86' lang='lat' dir='ltr'><strong>ex</strong></span> <span class='ocrx_word' id='word_1_21' title='bbox 640 951 735 1014; x_wconf 82' lang='lat' dir='ltr'><strong>nihilo</strong></span> <span class='ocrx_word' id='word_1_22' title='bbox 757 937 876 1015; x_wconf 84' lang='lat' dir='ltr'><strong>luenmt</strong></span> <span class='ocrx_word' id='word_1_23' title='bbox 895 953 973 1016; x_wconf 82' lang='lat' dir='ltr'><strong>haee</strong></span> <span class='ocrx_word' id='word_1_24' title='bbox 993 953 1059 1034; x_wconf 89' lang='lat' dir='ltr'><strong>ipsa</strong></span> <span class='ocrx_word' id='word_1_25' title='bbox 1081 961 1194 1027; x_wconf 72' lang='lat' dir='ltr'><strong>ereatat</strong></span> 
     </span>
    </p>
   </div>
   <div class='ocr_carea' id='block_1_3' title="bbox 340 1061 1404 3232">
    <p class='ocr_par' dir='ltr' id='par_1_3' title="bbox 340 1061 1404 3232">
     <span class='ocr_line' id='line_1_5' title="bbox 409 1061 1280 1144; baseline 0.002 -19"><span class='ocrx_word' id='word_1_26' title='bbox 409 1061 516 1136; x_wconf 79' lang='lat' dir='ltr'><strong>Quare,</strong></span> <span class='ocrx_word' id='word_1_27' title='bbox 538 1061 566 1124; x_wconf 87' lang='lat' dir='ltr'><strong>si</strong></span> <span class='ocrx_word' id='word_1_28' title='bbox 585 1079 688 1124; x_wconf 84' lang='lat' dir='ltr'><strong>rernm</strong></span> <span class='ocrx_word' id='word_1_29' title='bbox 710 1062 779 1135; x_wconf 83' lang='lat' dir='ltr'><strong>diri,</strong></span> <span class='ocrx_word' id='word_1_30' title='bbox 802 1071 942 1144; x_wconf 80' lang='lat' dir='ltr'><strong>surrupta</strong></span> <span class='ocrx_word' id='word_1_31' title='bbox 962 1062 1072 1126; x_wconf 81' lang='lat' dir='ltr'><strong>resolui</strong></span> <span class='ocrx_word' id='word_1_32' title='bbox 1276 1133 1280 1142; x_wconf 60' lang='grc'>,</span> 
     </span>
     <span class='ocr_line' id='line_1_6' title="bbox 342 1171 1365 1256; baseline 0.004 -24"><span class='ocrx_word' id='word_1_33' title='bbox 342 1179 391 1232; x_wconf 76' lang='lat' dir='ltr'><strong>tut)</strong></span> <span class='ocrx_word' id='word_1_34' title='bbox 408 1171 492 1234; x_wconf 83' lang='lat' dir='ltr'><strong>Haud</strong></span> <span class='ocrx_word' id='word_1_35' title='bbox 513 1189 645 1252; x_wconf 84' lang='lat' dir='ltr'><strong>unquam</strong></span> <span class='ocrx_word' id='word_1_36' title='bbox 665 1179 799 1251; x_wconf 85' lang='lat' dir='ltr'><strong>possent</strong></span> <span class='ocrx_word' id='word_1_37' title='bbox 820 1203 864 1218; x_wconf 87' lang='grc'><strong>-</strong></span> <span class='ocrx_word' id='word_1_38' title='bbox 884 1171 996 1247; x_wconf 79' lang='lat' dir='ltr'><strong>Frater,</strong></span> <span class='ocrx_word' id='word_1_39' title='bbox 1020 1173 1131 1236; x_wconf 80' lang='lat' dir='ltr'><strong>monn</strong></span> <span class='ocrx_word' id='word_1_40' title='bbox 1152 1171 1220 1236; x_wconf 87' lang='lat' dir='ltr'><strong>ales</strong></span> <span class='ocrx_word' id='word_1_41' title='bbox 1238 1173 1365 1256; x_wconf 77' lang='lat' dir='ltr'><strong>Olympi,</strong></span> 
     </span>
     <span class='ocr_line' id='line_1_7' title="bbox 406 1280 1292 1363; baseline 0.003 -19"><span class='ocrx_word' id='word_1_42' title='bbox 406 1281 529 1344; x_wconf 79' lang='lat' dir='ltr'><strong>Sincera</strong></span> <span class='ocrx_word' id='word_1_43' title='bbox 549 1281 624 1344; x_wconf 86' lang='lat' dir='ltr'><strong>lraee</strong></span> <span class='ocrx_word' id='word_1_44' title='bbox 644 1280 738 1362; x_wconf 66' lang='lat' dir='ltr'><strong>regie</strong></span> <span class='ocrx_word' id='word_1_45' title='bbox 761 1299 820 1363; x_wconf 81' lang='lat' dir='ltr'><strong>qua</strong></span> <span class='ocrx_word' id='word_1_46' title='bbox 841 1299 985 1362; x_wconf 85' lang='lat' dir='ltr'><strong>praesens</strong></span> <span class='ocrx_word' id='word_1_47' title='bbox 1005 1282 1071 1362; x_wconf 84' lang='lat' dir='ltr'><strong>ipae</strong></span> <span class='ocrx_word' id='word_1_48' title='bbox 1091 1283 1227 1357; x_wconf 83' lang='lat' dir='ltr'><strong>moraris,</strong></span> <span class='ocrx_word' id='word_1_49' title='bbox 1250 1315 1292 1330; x_wconf 89' lang='lat'>-</span> 
     </span>
     <span class='ocr_line' id='line_1_8' title="bbox 408 1390 1309 1472; baseline 0.002 -18"><span class='ocrx_word' id='word_1_50' title='bbox 408 1390 514 1466; x_wconf 86' lang='lat' dir='ltr'><strong>Qualia</strong></span> <span class='ocrx_word' id='word_1_51' title='bbox 534 1407 614 1454; x_wconf 88' lang='lat' dir='ltr'><strong>nuno</strong></span> <span class='ocrx_word' id='word_1_52' title='bbox 634 1399 781 1464; x_wconf 70' lang='lat' dir='ltr'><strong>consuet,</strong></span> <span class='ocrx_word' id='word_1_53' title='bbox 803 1409 940 1472; x_wconf 90' lang='lat' dir='ltr'><strong>-pura</strong></span> <span class='ocrx_word' id='word_1_54' title='bbox 962 1399 1051 1472; x_wconf 82' lang='lat' dir='ltr'><strong>atque</strong></span> <span class='ocrx_word' id='word_1_55' title='bbox 1072 1391 1188 1470; x_wconf 82' lang='lat' dir='ltr'><strong>integra</strong></span> <span class='ocrx_word' id='word_1_56' title='bbox 1211 1401 1309 1456; x_wconf 87' lang='lat' dir='ltr'><strong>ereata</strong></span> 
     </span>
     <span class='ocr_line' id='line_1_9' title="bbox 407 1501 1311 1582; baseline 0.001 -19"><span class='ocrx_word' id='word_1_57' title='bbox 407 1501 488 1564; x_wconf 86' lang='lat' dir='ltr'><strong>liaeo</strong></span> <span class='ocrx_word' id='word_1_58' title='bbox 507 1509 637 1581; x_wconf 88' lang='lat' dir='ltr'><strong>possunt</strong></span> <span class='ocrx_word' id='word_1_59' title='bbox 656 1519 726 1563; x_wconf 87' lang='lat' dir='ltr'><strong>rere</strong></span> <span class='ocrx_word' id='word_1_60' title='bbox 747 1501 823 1574; x_wconf 70' lang='lat' dir='ltr'><strong>dieit</strong></span> <span class='ocrx_word' id='word_1_61' title='bbox 844 1509 873 1564; x_wconf 84' lang='lat' dir='ltr'><strong>at</strong></span> <span class='ocrx_word' id='word_1_62' title='bbox 893 1501 1057 1582; x_wconf 81' lang='lat' dir='ltr'><strong>primordie</strong></span> <span class='ocrx_word' id='word_1_63' title='bbox 1078 1520 1187 1575; x_wconf 85' lang='lat' dir='ltr'><strong>rerum,</strong></span> <span class='ocrx_word' id='word_1_64' title='bbox 1280 1532 1282 1538; x_wconf 85' lang='lat'><em>.</em></span> <span class='ocrx_word' id='word_1_65' title='bbox 1305 1529 1311 1534; x_wconf 61' lang='grc'><strong>’</strong></span> 
     </span>
     <span class='ocr_line' id='line_1_10' title="bbox 408 1609 1386 1694; baseline 0.001 -21"><span class='ocrx_word' id='word_1_66' title='bbox 408 1612 491 1687; x_wconf 83' lang='lat' dir='ltr'><strong>eree</strong></span> <span class='ocrx_word' id='word_1_67' title='bbox 512 1609 602 1672; x_wconf 89' lang='lat' dir='ltr'><strong>mede</strong></span> <span class='ocrx_word' id='word_1_68' title='bbox 625 1609 734 1684; x_wconf 77' lang='lat' dir='ltr'><strong>dixisti,</strong></span> <span class='ocrx_word' id='word_1_69' title='bbox 756 1620 819 1674; x_wconf 88' lang='lat' dir='ltr'><strong>tum</strong></span> <span class='ocrx_word' id='word_1_70' title='bbox 841 1629 917 1690; x_wconf 81' lang='lat' dir='ltr'><strong>quse</strong></span> <span class='ocrx_word' id='word_1_71' title='bbox 939 1619 1102 1674; x_wconf 83' lang='lat' dir='ltr'><strong>naseuntur</strong></span> <span class='ocrx_word' id='word_1_72' title='bbox 1122 1611 1160 1674; x_wconf 84' lang='lat' dir='ltr'><strong>ab</strong></span> <span class='ocrx_word' id='word_1_73' title='bbox 1182 1611 1269 1694; x_wconf 87' lang='lat' dir='ltr'><strong>ipsis,</strong></span> <span class='ocrx_word' id='word_1_74' title='bbox 1385 1641 1386 1649; x_wconf 18' lang='grc' dir='ltr'><strong>κ</strong></span> 
     </span>
     <span class='ocr_line' id='line_1_11' title="bbox 342 1718 1125 1788; baseline -0.005 0"><span class='ocrx_word' id='word_1_75' title='bbox 342 1733 389 1788; x_wconf 79' lang='lat' dir='ltr'><strong>tto</strong></span> <span class='ocrx_word' id='word_1_76' title='bbox 407 1721 512 1785; x_wconf 88' lang='lat' dir='ltr'><strong>Omnia</strong></span> <span class='ocrx_word' id='word_1_77' title='bbox 533 1718 685 1783; x_wconf 84' lang='lat' dir='ltr'><strong>deducunt</strong></span> <span class='ocrx_word' id='word_1_78' title='bbox 705 1721 830 1784; x_wconf 87' lang='lat' dir='ltr'><strong>lormaru</strong></span> <span class='ocrx_word' id='word_1_79' title='bbox 852 1741 869 1783; x_wconf 92' lang='lat' dir='ltr'><strong>a</strong></span> <span class='ocrx_word' id='word_1_80' title='bbox 889 1721 995 1784; x_wconf 82' lang='lat' dir='ltr'><strong>rtrtnte</strong></span> <span class='ocrx_word' id='word_1_81' title='bbox 1016 1729 1125 1784; x_wconf 75' lang='lat' dir='ltr'><strong>ereata</strong></span> 
     </span>
     <span class='ocr_line' id='line_1_12' title="bbox 406 1831 1296 1914; baseline 0 -20"><span class='ocrx_word' id='word_1_82' title='bbox 406 1831 611 1914; x_wconf 26' lang='lat' dir='ltr'><strong>llateriesrex</strong></span> <span class='ocrx_word' id='word_1_83' title='bbox 633 1847 690 1910; x_wconf 88' lang='lat' dir='ltr'><strong>qua</strong></span> <span class='ocrx_word' id='word_1_84' title='bbox 712 1837 850 1894; x_wconf 82' lang='lat' dir='ltr'><strong>mastant</strong></span> <span class='ocrx_word' id='word_1_85' title='bbox 871 1831 1008 1903; x_wconf 83' lang='lat' dir='ltr'><strong>seorsim,</strong></span> <span class='ocrx_word' id='word_1_86' title='bbox 1030 1831 1097 1911; x_wconf 89' lang='lat' dir='ltr'><strong>ipsa</strong></span> <span class='ocrx_word' id='word_1_87' title='bbox 1119 1837 1218 1894; x_wconf 87' lang='lat' dir='ltr'><strong>ereata</strong></span> <span class='ocrx_word' id='word_1_88' title='bbox 1240 1841 1296 1901; x_wconf 85' lang='lat' dir='ltr'><strong>est,</strong></span> 
     </span>
     <span class='ocr_line' id='line_1_13' title="bbox 407 1938 1254 2022; baseline -0.001 -19"><span class='ocrx_word' id='word_1_89' title='bbox 407 1941 518 2022; x_wconf 82' lang='lat' dir='ltr'><strong>visque</strong></span> <span class='ocrx_word' id='word_1_90' title='bbox 539 1947 637 2003; x_wconf 73' lang='lat' dir='ltr'><strong>ereata</strong></span> <span class='ocrx_word' id='word_1_91' title='bbox 658 1938 716 2004; x_wconf 88' lang='lat' dir='ltr'><strong>luit</strong></span> <span class='ocrx_word' id='word_1_92' title='bbox 735 1957 792 2020; x_wconf 83' lang='lat' dir='ltr'><strong>per</strong></span> <span class='ocrx_word' id='word_1_93' title='bbox 812 1959 844 2004; x_wconf 90' lang='lat' dir='ltr'><strong>se</strong></span> <span class='ocrx_word' id='word_1_94' title='bbox 866 1947 934 2020; x_wconf 84' lang='lat' dir='ltr'><strong>apta</strong></span> <span class='ocrx_word' id='word_1_95' title='bbox 956 1940 1098 2003; x_wconf 88' lang='lat' dir='ltr'><strong>iudueere</strong></span> <span class='ocrx_word' id='word_1_96' title='bbox 1119 1941 1254 2014; x_wconf 78' lang='lat' dir='ltr'><strong>lamam,</strong></span> 
     </span>
     <span class='ocr_line' id='line_1_14' title="bbox 406 2047 1138 2115; baseline -0.005 0"><span class='ocrx_word' id='word_1_97' title='bbox 406 2053 498 2115; x_wconf 88' lang='lat' dir='ltr'><strong>Insita</strong></span> <span class='ocrx_word' id='word_1_98' title='bbox 520 2049 669 2113; x_wconf 72' lang='lat' dir='ltr'><strong>sideribus</strong></span> <span class='ocrx_word' id='word_1_99' title='bbox 691 2047 804 2112; x_wconf 88' lang='lat' dir='ltr'><strong>eireum</strong></span> <span class='ocrx_word' id='word_1_100' title='bbox 826 2050 1013 2113; x_wconf 80' lang='lat' dir='ltr'><strong>informanda</strong></span> <span class='ocrx_word' id='word_1_101' title='bbox 1033 2051 1138 2114; x_wconf 87' lang='lat' dir='ltr'><strong>rotatis</strong></span> 
     </span>
     <span class='ocr_line' id='line_1_15' title="bbox 406 2157 1404 2243; baseline -0.002 -19"><span class='ocrx_word' id='word_1_102' title='bbox 406 2162 548 2243; x_wconf 85' lang='lat' dir='ltr'><strong>Corpora.</strong></span> <span class='ocrx_word' id='word_1_103' title='bbox 591 2159 770 2223; x_wconf 82' lang='lat' dir='ltr'><strong>Sanctorum</strong></span> <span class='ocrx_word' id='word_1_104' title='bbox 791 2158 902 2232; x_wconf 88' lang='lat' dir='ltr'><strong>radius,</strong></span> <span class='ocrx_word' id='word_1_105' title='bbox 924 2168 1083 2240; x_wconf 83' lang='lat' dir='ltr'><strong>metusque</strong></span> <span class='ocrx_word' id='word_1_106' title='bbox 1104 2157 1262 2239; x_wconf 57' lang='lat' dir='ltr'><strong>meorum</strong></span> <span class='ocrx_word' id='word_1_107' title='bbox 1401 2225 1404 2234; x_wconf 17' lang='grc' dir='ltr'><strong><em>Δ</em></strong></span> 
     </span>
     <span class='ocr_line' id='line_1_16' title="bbox 341 2268 1295 2351; baseline -0.003 -17"><span class='ocrx_word' id='word_1_108' title='bbox 341 2291 390 2344; x_wconf 71' lang='lat'><strong>130</strong></span> <span class='ocrx_word' id='word_1_109' title='bbox 406 2273 464 2334; x_wconf 87' lang='lat' dir='ltr'><strong>Pro</strong></span> <span class='ocrx_word' id='word_1_110' title='bbox 487 2269 633 2351; x_wconf 83' lang='lat' dir='ltr'><strong>cujusque</strong></span> <span class='ocrx_word' id='word_1_111' title='bbox 653 2269 764 2342; x_wconf 78' lang='lat' dir='ltr'><strong>habim,</strong></span> <span class='ocrx_word' id='word_1_112' title='bbox 787 2268 836 2331; x_wconf 90' lang='lat' dir='ltr'><strong>eui</strong></span> <span class='ocrx_word' id='word_1_113' title='bbox 858 2268 941 2350; x_wconf 79' lang='lat' dir='ltr'><strong>priva</strong></span> <span class='ocrx_word' id='word_1_114' title='bbox 963 2269 1097 2349; x_wconf 87' lang='lat' dir='ltr'><strong>potentia</strong></span> <span class='ocrx_word' id='word_1_115' title='bbox 1114 2269 1217 2350; x_wconf 78' lang='lat' dir='ltr'><strong>jemeta</strong></span> <span class='ocrx_word' id='word_1_116' title='bbox 1238 2276 1295 2339; x_wconf 84' lang='lat' dir='ltr'><strong>est</strong></span> 
     </span>
     <span class='ocr_line' id='line_1_17' title="bbox 405 2378 1215 2460; baseline -0.002 -16"><span class='ocrx_word' id='word_1_117' title='bbox 405 2381 532 2444; x_wconf 83' lang='lat' dir='ltr'><strong>lituahit</strong></span> <span class='ocrx_word' id='word_1_118' title='bbox 552 2379 674 2444; x_wconf 79' lang='lat' dir='ltr'><strong>alituum</strong></span> <span class='ocrx_word' id='word_1_119' title='bbox 696 2378 905 2460; x_wconf 84' lang='lat' dir='ltr'><strong>pecudumque</strong></span> <span class='ocrx_word' id='word_1_120' title='bbox 926 2379 1086 2460; x_wconf 74' lang='lat' dir='ltr'><strong>gregisque</strong></span> <span class='ocrx_word' id='word_1_121' title='bbox 1107 2378 1215 2442; x_wconf 87' lang='lat' dir='ltr'><strong>marini</strong></span> 
     </span>
     <span class='ocr_line' id='line_1_18' title="bbox 406 2489 1284 2571; baseline -0.005 -17"><span class='ocrx_word' id='word_1_122' title='bbox 406 2491 634 2571; x_wconf 82' lang='lat' dir='ltr'><strong>Planturumque</strong></span> <span class='ocrx_word' id='word_1_123' title='bbox 655 2489 780 2553; x_wconf 84' lang='lat' dir='ltr'><strong>animas.</strong></span> <span class='ocrx_word' id='word_1_124' title='bbox 823 2489 945 2552; x_wconf 77' lang='lat' dir='ltr'><strong>Bonitas</strong></span> <span class='ocrx_word' id='word_1_125' title='bbox 965 2497 996 2553; x_wconf 90' lang='lat' dir='ltr'><strong>at</strong></span> <span class='ocrx_word' id='word_1_126' title='bbox 1016 2505 1132 2552; x_wconf 89' lang='lat' dir='ltr'><strong>summa</strong></span> <span class='ocrx_word' id='word_1_127' title='bbox 1152 2489 1284 2569; x_wconf 70' lang='lat' dir='ltr'><strong>parentis</strong></span> 
     </span>
     <span class='ocr_line' id='line_1_19' title="bbox 406 2598 1158 2680; baseline -0.003 -16"><span class='ocrx_word' id='word_1_128' title='bbox 406 2601 491 2664; x_wconf 84' lang='lat' dir='ltr'><strong>Hanc</strong></span> <span class='ocrx_word' id='word_1_129' title='bbox 511 2608 644 2663; x_wconf 88' lang='lat' dir='ltr'><strong>nestram</strong></span> <span class='ocrx_word' id='word_1_130' title='bbox 666 2598 759 2680; x_wconf 81' lang='lat' dir='ltr'><strong>spirat</strong></span> <span class='ocrx_word' id='word_1_131' title='bbox 778 2599 866 2662; x_wconf 86' lang='lat' dir='ltr'><strong>ritem</strong></span> <span class='ocrx_word' id='word_1_132' title='bbox 888 2617 950 2662; x_wconf 88' lang='lat' dir='ltr'><strong>non</strong></span> <span class='ocrx_word' id='word_1_133' title='bbox 972 2598 1158 2662; x_wconf 86' lang='lat' dir='ltr'><strong>ooueiliulam</strong></span> 
     </span>
     <span class='ocr_line' id='line_1_20' title="bbox 406 2707 1181 2791; baseline -0.003 -19"><span class='ocrx_word' id='word_1_134' title='bbox 406 2710 544 2773; x_wconf 82' lang='lat' dir='ltr'><strong>Extemis</strong></span> <span class='ocrx_word' id='word_1_135' title='bbox 565 2709 665 2784; x_wconf 81' lang='lat' dir='ltr'><strong>rebus,</strong></span> <span class='ocrx_word' id='word_1_136' title='bbox 687 2707 776 2772; x_wconf 83' lang='lat' dir='ltr'><strong>simul</strong></span> <span class='ocrx_word' id='word_1_137' title='bbox 797 2709 949 2791; x_wconf 80' lang='lat' dir='ltr'><strong>inspirans</strong></span> <span class='ocrx_word' id='word_1_138' title='bbox 970 2709 1018 2772; x_wconf 88' lang='lat' dir='ltr'><strong>aui</strong></span> <span class='ocrx_word' id='word_1_139' title='bbox 1039 2725 1181 2784; x_wconf 83' lang='lat' dir='ltr'><strong>amorem,</strong></span> 
     </span>
     <span class='ocr_line' id='line_1_21' title="bbox 340 2817 1138 2900; baseline -0.008 -12"><span class='ocrx_word' id='word_1_140' title='bbox 340 2833 389 2888; x_wconf 77' lang='lat'><strong>1³5</strong></span> <span class='ocrx_word' id='word_1_141' title='bbox 407 2820 445 2883; x_wconf 88' lang='lat' dir='ltr'><strong>Ut</strong></span> <span class='ocrx_word' id='word_1_142' title='bbox 465 2818 616 2884; x_wconf 88' lang='lat' dir='ltr'><strong>desiderio</strong></span> <span class='ocrx_word' id='word_1_143' title='bbox 637 2817 707 2880; x_wconf 87' lang='lat' dir='ltr'><strong>dein</strong></span> <span class='ocrx_word' id='word_1_144' title='bbox 728 2819 845 2882; x_wconf 85' lang='lat' dir='ltr'><strong>Patrem</strong></span> <span class='ocrx_word' id='word_1_145' title='bbox 868 2837 989 2900; x_wconf 87' lang='lat' dir='ltr'><strong>semper</strong></span> <span class='ocrx_word' id='word_1_146' title='bbox 1008 2819 1138 2884; x_wconf 81' lang='lat' dir='ltr'><strong>anhelet.</strong></span> 
     </span>
     <span class='ocr_line' id='line_1_22' title="bbox 448 2927 1332 3010; baseline -0.003 -17"><span class='ocrx_word' id='word_1_147' title='bbox 448 2930 525 2993; x_wconf 84' lang='lat' dir='ltr'><strong>Hine</strong></span> <span class='ocrx_word' id='word_1_148' title='bbox 545 2927 599 2992; x_wconf 89' lang='lat' dir='ltr'><strong>tibi</strong></span> <span class='ocrx_word' id='word_1_149' title='bbox 622 2927 764 3008; x_wconf 75' lang='lat' dir='ltr'><strong>colligere</strong></span> <span class='ocrx_word' id='word_1_150' title='bbox 785 2938 840 3004; x_wconf 88' lang='lat' dir='ltr'><strong>est,</strong></span> <span class='ocrx_word' id='word_1_151' title='bbox 864 2947 955 3010; x_wconf 85' lang='lat' dir='ltr'><strong>quare</strong></span> <span class='ocrx_word' id='word_1_152' title='bbox 977 2945 1047 2992; x_wconf 88' lang='lat' dir='ltr'><strong>earo</strong></span> <span class='ocrx_word' id='word_1_153' title='bbox 1067 2935 1168 2992; x_wconf 73' lang='lat' dir='ltr'><strong>resur</strong></span> <span class='ocrx_word' id='word_1_154' title='bbox 1188 2936 1332 3007; x_wconf 79' lang='lat' dir='ltr'><strong>resurget,</strong></span> 
     </span>
     <span class='ocr_line' id='line_1_23' title="bbox 406 3037 1215 3120; baseline -0.001 -17"><span class='ocrx_word' id='word_1_155' title='bbox 406 3041 438 3103; x_wconf 93' lang='lat' dir='ltr'><strong>Si</strong></span> <span class='ocrx_word' id='word_1_156' title='bbox 459 3039 537 3103; x_wconf 84' lang='lat' dir='ltr'><strong>hene</strong></span> <span class='ocrx_word' id='word_1_157' title='bbox 556 3037 738 3120; x_wconf 86' lang='lat' dir='ltr'><strong>perpendas,</strong></span> <span class='ocrx_word' id='word_1_158' title='bbox 760 3043 811 3120; x_wconf 85' lang='lat' dir='ltr'><strong>qul</strong></span> <span class='ocrx_word' id='word_1_159' title='bbox 831 3047 894 3104; x_wconf 81' lang='lat' dir='ltr'><strong>utm</strong></span> <span class='ocrx_word' id='word_1_160' title='bbox 915 3039 972 3102; x_wconf 89' lang='lat' dir='ltr'><strong>luit</strong></span> <span class='ocrx_word' id='word_1_161' title='bbox 992 3038 1079 3114; x_wconf 77' lang='lat' dir='ltr'><strong>edita,</strong></span> <span class='ocrx_word' id='word_1_162' title='bbox 1101 3039 1215 3119; x_wconf 89' lang='lat' dir='ltr'><strong>primos</strong></span> 
     </span>
     <span class='ocr_line' id='line_1_24' title="bbox 406 3147 1191 3232; baseline -0.001 -19"><span class='ocrx_word' id='word_1_163' title='bbox 406 3151 479 3214; x_wconf 85' lang='lat' dir='ltr'><strong>Cum</strong></span> <span class='ocrx_word' id='word_1_164' title='bbox 500 3149 616 3232; x_wconf 89' lang='lat' dir='ltr'><strong>primus</strong></span> <span class='ocrx_word' id='word_1_165' title='bbox 636 3148 725 3212; x_wconf 83' lang='lat' dir='ltr'><strong>nobis</strong></span> <span class='ocrx_word' id='word_1_166' title='bbox 746 3148 898 3228; x_wconf 87' lang='lat' dir='ltr'><strong>genitores</strong></span> <span class='ocrx_word' id='word_1_167' title='bbox 920 3147 1056 3212; x_wconf 77' lang='lat' dir='ltr'><strong>condidit</strong></span> <span class='ocrx_word' id='word_1_168' title='bbox 1075 3153 1191 3212; x_wconf 88' lang='lat' dir='ltr'><strong>aueter.</strong></span> 
     </span>
    </p>
   </div>
   <div class='ocr_carea' id='block_1_4' title="bbox 893 3409 983 3494">
    <p class='ocr_par' dir='ltr' id='par_1_4' title="bbox 893 3409 983 3494">
     <span class='ocr_line' id='line_1_25' title="bbox 893 3409 983 3494; baseline 0.022 -2"><span class='ocrx_word' id='word_1_169' title='bbox 893 3409 983 3494; x_wconf 79' lang='lat' dir='ltr'><strong>vlit.</strong></span> 
     </span>
    </p>
   </div>
   <div class='ocr_carea' id='block_1_5' title="bbox 370 3587 1291 4550">
    <p class='ocr_par' dir='ltr' id='par_1_5' title="bbox 403 3587 1291 3999">
     <span class='ocr_line' id='line_1_26' title="bbox 447 3587 1236 3670; baseline 0 -18"><span class='ocrx_word' id='word_1_170' title='bbox 447 3588 527 3654; x_wconf 88' lang='lat' dir='ltr'><strong>Olim</strong></span> <span class='ocrx_word' id='word_1_171' title='bbox 546 3588 626 3652; x_wconf 86' lang='lat' dir='ltr'><strong>haud</strong></span> <span class='ocrx_word' id='word_1_172' title='bbox 648 3588 761 3670; x_wconf 82' lang='lat' dir='ltr'><strong>absque</strong></span> <span class='ocrx_word' id='word_1_173' title='bbox 783 3607 840 3652; x_wconf 89' lang='lat' dir='ltr'><strong>sno</strong></span> <span class='ocrx_word' id='word_1_174' title='bbox 861 3587 1001 3652; x_wconf 85' lang='lat' dir='ltr'><strong>eredebst</strong></span> <span class='ocrx_word' id='word_1_175' title='bbox 1021 3596 1100 3654; x_wconf 84' lang='lat' dir='ltr'><strong>terra</strong></span> <span class='ocrx_word' id='word_1_176' title='bbox 1121 3588 1236 3670; x_wconf 84' lang='lat' dir='ltr'><strong>periele</strong></span> 
     </span>
     <span class='ocr_line' id='line_1_27' title="bbox 403 3697 1291 3781; baseline 0 -18"><span class='ocrx_word' id='word_1_177' title='bbox 403 3699 579 3764; x_wconf 82' lang='lat' dir='ltr'><strong>Formosam</strong></span> <span class='ocrx_word' id='word_1_178' title='bbox 601 3699 755 3772; x_wconf 84' lang='lat' dir='ltr'><strong>Venerem,</strong></span> <span class='ocrx_word' id='word_1_179' title='bbox 778 3717 866 3780; x_wconf 74' lang='lat' dir='ltr'><strong>msam</strong></span> <span class='ocrx_word' id='word_1_180' title='bbox 887 3697 974 3762; x_wconf 86' lang='lat' dir='ltr'><strong>tertia</strong></span> <span class='ocrx_word' id='word_1_181' title='bbox 995 3700 1124 3781; x_wconf 84' lang='lat' dir='ltr'><strong>sphaera</strong></span> <span class='ocrx_word' id='word_1_182' title='bbox 1144 3708 1291 3763; x_wconf 86' lang='lat' dir='ltr'><strong>rotmtem</strong></span> 
     </span>
     <span class='ocr_line' id='line_1_28' title="bbox 403 3808 1131 3890; baseline 0 -18"><span class='ocrx_word' id='word_1_183' title='bbox 403 3809 530 3890; x_wconf 82' lang='lat' dir='ltr'><strong>teeipit,</strong></span> <span class='ocrx_word' id='word_1_184' title='bbox 551 3810 689 3873; x_wconf 81' lang='lat' dir='ltr'><strong>insanum</strong></span> <span class='ocrx_word' id='word_1_185' title='bbox 711 3808 804 3872; x_wconf 85' lang='lat' dir='ltr'><strong>radiis</strong></span> <span class='ocrx_word' id='word_1_186' title='bbox 825 3809 960 3873; x_wconf 88' lang='lat' dir='ltr'><strong>emittere</strong></span> <span class='ocrx_word' id='word_1_187' title='bbox 981 3827 1131 3886; x_wconf 68' lang='lat' dir='ltr'><strong>amorem</strong></span> 
     </span>
     <span class='ocr_line' id='line_1_29' title="bbox 405 3917 1217 3999; baseline 0 -17"><span class='ocrx_word' id='word_1_188' title='bbox 405 3919 504 3994; x_wconf 85' lang='lat' dir='ltr'><strong>Quare</strong></span> <span class='ocrx_word' id='word_1_189' title='bbox 524 3919 696 3999; x_wconf 82' lang='lat' dir='ltr'><strong>ubieunque</strong></span> <span class='ocrx_word' id='word_1_190' title='bbox 716 3917 777 3982; x_wconf 89' lang='lat' dir='ltr'><strong>loei</strong></span> <span class='ocrx_word' id='word_1_191' title='bbox 795 3929 913 3982; x_wconf 79' lang='lat' dir='ltr'><strong>veteres</strong></span> <span class='ocrx_word' id='word_1_192' title='bbox 934 3937 1039 3984; x_wconf 82' lang='lat' dir='ltr'><strong>errore</strong></span> <span class='ocrx_word' id='word_1_193' title='bbox 1058 3927 1175 3982; x_wconf 82' lang='lat' dir='ltr'><strong>renmto</strong></span> <span class='ocrx_word' id='word_1_194' title='bbox 1210 3987 1217 3998; x_wconf 51' lang='grc'><strong>,</strong></span> 
     </span>
    </p>

    <p class='ocr_par' dir='ltr' id='par_1_6' title="bbox 370 4029 1274 4550">
     <span class='ocr_line' id='line_1_30' title="bbox 370 4029 1256 4112; baseline 0 -20"><span class='ocrx_word' id='word_1_195' title='bbox 370 4029 479 4100; x_wconf 74' lang='lat' dir='ltr'><strong>siluis</strong></span> <span class='ocrx_word' id='word_1_196' title='bbox 500 4036 634 4092; x_wconf 76' lang='lat' dir='ltr'><strong>strumene</strong></span> <span class='ocrx_word' id='word_1_197' title='bbox 648 4047 733 4112; x_wconf 83' lang='lat' dir='ltr'><strong>aras,</strong></span> <span class='ocrx_word' id='word_1_198' title='bbox 755 4029 865 4092; x_wconf 79' lang='lat' dir='ltr'><strong>cultam</strong></span> <span class='ocrx_word' id='word_1_199' title='bbox 886 4029 917 4092; x_wconf 94' lang='lat' dir='ltr'><strong>in</strong></span> <span class='ocrx_word' id='word_1_200' title='bbox 939 4047 993 4094; x_wconf 91' lang='lat' dir='ltr'><strong>sna</strong></span> <span class='ocrx_word' id='word_1_201' title='bbox 1013 4038 1081 4094; x_wconf 86' lang='lat' dir='ltr'><strong>rota</strong></span> <span class='ocrx_word' id='word_1_202' title='bbox 1105 4035 1256 4104; x_wconf 79' lang='lat' dir='ltr'><strong>rotantes,</strong></span> 
     </span>
     <span class='ocr_line' id='line_1_31' title="bbox 404 4138 1274 4221; baseline -0.001 -19"><span class='ocrx_word' id='word_1_203' title='bbox 404 4139 538 4219; x_wconf 85' lang='lat' dir='ltr'><strong>Cumque</strong></span> <span class='ocrx_word' id='word_1_204' title='bbox 560 4138 706 4220; x_wconf 86' lang='lat' dir='ltr'><strong>Cupidine</strong></span> <span class='ocrx_word' id='word_1_205' title='bbox 727 4138 765 4202; x_wconf 87' lang='lat' dir='ltr'><strong>iis</strong></span> <span class='ocrx_word' id='word_1_206' title='bbox 786 4140 848 4202; x_wconf 89' lang='lat' dir='ltr'><strong>init</strong></span> <span class='ocrx_word' id='word_1_207' title='bbox 862 4157 959 4221; x_wconf 80' lang='lat' dir='ltr'><strong>usque</strong></span> <span class='ocrx_word' id='word_1_208' title='bbox 979 4140 1011 4202; x_wconf 90' lang='lat' dir='ltr'><strong>iu</strong></span> <span class='ocrx_word' id='word_1_209' title='bbox 1033 4139 1149 4204; x_wconf 83' lang='lat' dir='ltr'><strong>honore</strong></span> <span class='ocrx_word' id='word_1_210' title='bbox 1169 4139 1274 4202; x_wconf 77' lang='lat' dir='ltr'><strong>ilium.</strong></span> 
     </span>
     <span class='ocr_line' id='line_1_32' title="bbox 403 4247 1228 4330; baseline 0.002 -20"><span class='ocrx_word' id='word_1_211' title='bbox 403 4247 487 4311; x_wconf 89' lang='lat' dir='ltr'><strong>llaue</strong></span> <span class='ocrx_word' id='word_1_212' title='bbox 509 4247 618 4312; x_wconf 87' lang='lat' dir='ltr'><strong>etenim</strong></span> <span class='ocrx_word' id='word_1_213' title='bbox 639 4255 766 4313; x_wconf 81' lang='lat' dir='ltr'><strong>matrem</strong></span> <span class='ocrx_word' id='word_1_214' title='bbox 788 4249 900 4326; x_wconf 86' lang='lat' dir='ltr'><strong>dixere,</strong></span> <span class='ocrx_word' id='word_1_215' title='bbox 922 4249 1065 4330; x_wconf 89' lang='lat' dir='ltr'><strong>illumque</strong></span> <span class='ocrx_word' id='word_1_216' title='bbox 1086 4257 1228 4322; x_wconf 74' lang='lat' dir='ltr'><strong>eleutrum</strong></span> 
     </span>
     <span class='ocr_line' id='line_1_33' title="bbox 404 4355 1173 4438; baseline 0.007 -19"><span class='ocrx_word' id='word_1_217' title='bbox 404 4355 463 4431; x_wconf 81' lang='lat' dir='ltr'><strong>Qui</strong></span> <span class='ocrx_word' id='word_1_218' title='bbox 486 4358 636 4438; x_wconf 83' lang='lat' dir='ltr'><strong>quendam</strong></span> <span class='ocrx_word' id='word_1_219' title='bbox 656 4359 765 4422; x_wconf 84' lang='lat' dir='ltr'><strong>inllxus</strong></span> <span class='ocrx_word' id='word_1_220' title='bbox 786 4359 901 4438; x_wconf 89' lang='lat' dir='ltr'><strong>gremio</strong></span> <span class='ocrx_word' id='word_1_221' title='bbox 922 4359 1052 4425; x_wconf 86' lang='lat' dir='ltr'><strong>inlelieis</strong></span> <span class='ocrx_word' id='word_1_222' title='bbox 1071 4359 1173 4424; x_wconf 77' lang='lat' dir='ltr'><strong>Elissa</strong></span> 
     </span>
     <span class='ocr_line' id='line_1_34' title="bbox 403 4466 1178 4550; baseline 0.006 -20"><span class='ocrx_word' id='word_1_223' title='bbox 403 4466 531 4530; x_wconf 84' lang='lat' dir='ltr'><strong>Sederit.</strong></span> <span class='ocrx_word' id='word_1_224' title='bbox 572 4467 651 4532; x_wconf 87' lang='lat' dir='ltr'><strong>lline</strong></span> <span class='ocrx_word' id='word_1_225' title='bbox 671 4467 730 4550; x_wconf 87' lang='lat' dir='ltr'><strong>ipsi</strong></span> <span class='ocrx_word' id='word_1_226' title='bbox 751 4467 902 4533; x_wconf 60' lang='lat' dir='ltr'><strong>monhaut</strong></span> <span class='ocrx_word' id='word_1_227' title='bbox 922 4470 1042 4534; x_wconf 87' lang='lat' dir='ltr'><strong>nomina</strong></span> <span class='ocrx_word' id='word_1_228' title='bbox 1064 4469 1178 4545; x_wconf 75' lang='lat' dir='ltr'><strong>stellae,</strong></span> 
     </span>
    </p>
   </div>
   <div class='ocr_carea' id='block_1_6' title="bbox 703 4669 901 4683">
    <p class='ocr_par' dir='ltr' id='par_1_7' title="bbox 703 4669 901 4683">
     <span class='ocr_line' id='line_1_35' title="bbox 703 4669 901 4683; baseline 0 -1"><span class='ocrx_word' id='word_1_229' title='bbox 703 4669 901 4683; x_wconf 60' lang='lat' dir='ltr'>W</span> 
     </span>
    </p>
   </div>
   <div class='ocr_carea' id='block_1_7' title="bbox 0 0 1622 5396">
    <p class='ocr_par' dir='ltr' id='par_1_8' title="bbox 0 0 1622 5396">
     <span class='ocr_line' id='line_1_36' title="bbox 0 0 1622 5396; baseline 0 0"><span class='ocrx_word' id='word_1_230' title='bbox 0 0 1622 5396; x_wconf 95' lang='lat' dir='ltr'><strong> </strong></span> 
     </span>
    </p>
   </div>
  </div>
 </body>
</html>
