3362 5414
711 503 883 557 amerino.
1327 525 1424 569 xm„

171 682 392 787 ''peditiusquc
424 711 498 760 esse
524 687 689 761 deducere
722 688 757 760 in
784 686 908 761 Orcum
934 698 968 760 et
992 711 1167 760 recensere
1193 688 1346 763 Tantalos
1372 692 1424 763 si-

179 807 381 904 syphosque,
399 829 498 902 quam
524 804 692 878 delineare
717 806 790 876 loca
814 803 943 878 inlerna
968 808 1060 880 coelo
1077 806 1340 880 Christianorum
1367 833 1424 906 op·

180 926 300 1024 posita,
321 935 355 996 et
379 946 574 996 enumerare
595 927 765 996 cruciatus
791 933 1017 1021 tormentaque
1042 949 1170 1019 eorum,
1197 925 1253 1024 qui
1278 926 1320 998 ob
1338 924 1424 999 vitae

176 1067 380 1140 morumque
400 1041 653 1139 perversitatem
678 1052 784 1115 morte
810 1029 944 1114 aeterna
971 1042 1114 1115 damnati
1129 1043 1314 1116 hahenturl
1341 1045 1423 1129 Quis
1540 1100 1542 1108 ‚

180 1185 249 1233 non
273 1161 396 1233 mavult
422 1158 650 1232 cumGraecis
675 1159 727 1232 vel
746 1159 872 1233 Latinis
900 1159 1087 1232 describere
1102 1159 1215 1233 lovem
1240 1172 1423 1258 tonantem,

180 1302 280 1377 quam
306 1277 493 1374 significare
519 1288 590 1351 arte
619 1301 680 1350 sua
706 1277 836 1350 Numen
869 1275 955 1350 illud'
975 1277 1105 1350 Veteris
1131 1277 1278 1377 Novique
1309 1280 1422 1354 Testa·

178 1397 284 1470 menti
318 1394 494 1491 dddqrov,
528 1391 674 1483 dedier,
705 1419 810 1469 uuum
846 1407 880 1468 et
912 1396 1056 1469 trinuml
1094 1397 1217 1470 Contra
1249 1398 1323 1496 quis
1354 1423 1422 1473 non

157 1515 382 1609 ‘ludibundus
415 1537 458 1612 cx
491 1513 638 1586 tenebris
672 1513 843 1612 protrahet
866 1513 976 1586 Ditem
1008 1525 1043 1587 et
1066 1514 1101 1586 in
1133 1513 1209 1587 luce
1244 1518 1423 1593 constituet

177 1633 378 1725 Cerberum,
415 1655 490 1704 cum
526 1631 671 1725 dubitet,
710 1633 790 1730 quin
824 1633 904 1704 satis
931 1641 1021 1704 recta
1046 1632 1221 1708 adumbret
1252 1634 1419 1731 Samnam,

179 1752 425 1824 criminatorem
450 1749 543 1836 illum
568 1750 769 1824 inridentem
794 1749 950 1847 operibus
963 1750 1039 1843 Dei,
1064 1750 1204 1824 alsatis
1230 1753 1312 1825 scite
1335 1754 1422 1828 dicat

177 1869 357 1966 spirituum
381 1868 543 1940 malorum
567 1867 693 1941 senuas
720 1879 754 1941 et
777 1869 934 1964 ingenial
987 1869 1123 1954 Quanto.
1142 1870 1253 1942 minor
1267 1870 1419 1966 habetur,

176 2000 215 2060 ut
239 1987 305 2060 hoc
330 1986 500 2079 addamus,
517 1986 579 2058 riri
605 1987 694 2060 docti
708 1988 888 2060 contentio
905 1987 1075 2082 relegendi
1093 1988 1314 2084 mythologice
1331 2014 1419 2063 com·

177 2116 291 2179 menta
328 2118 362 2178 ct
402 2105 586 2202 exponendi
620 2105 662 2178 de
697 2104 908 2198 Stoicorum,
942 2104 1182 2203 Epicureorum
1214 2107 1418 2206 caeterisque

175 2223 300 2298 scholis
325 2222 585 2321 philosophicis,
618 2246 718 2320 quam
750 2223 964 2319 expromendi
1000 2222 1185 2318 theologiae
1212 2223 1419 2300 Christianae

175 2341 332 2437 dogmata
365 2352 399 2414 et
431 2341 570 2417 eruendi
603 2363 643 2413 ex
667 2333 889 2414 interioribus¹
908 2339 1042 2414 latebris
1068 2342 1320 2440 recessibusque
1345 2345 1418 2442 phi·

174 2459 375 2555 losophiam,
401 2483 500 2558 qnam
524 2467 653 2551 vocant,
672 2457 932 2532 Scholastieaml
959 2458 1046 2543 Quid
1072 2460 1196 2532 multal
1222 2461 1418 2537 aliuddeni·
1506 2495 1509 2502 ·

176 2602 242 2676 que
270 2587 321 2650 est
345 2579 427 2673 stylo
454 2577 602 2650 Romano
637 2601 772 2650 exarare
804 2578 950 2651 indolem
975 2577 1098 2650 saeculi
1125 2577 1309 2676 cujuspiam
1341 2593 1416 2656 ante

173 2697 345 2770 Christum
358 2706 472 2768 natum
487 2695 623 2792 peracti,
650 2720 748 2793 quam
769 2706 911 2769 tractare
936 2695 1119 2789 materiam,
1145 2721 1266 2792 magno
1290 2709 1416 2797 tempo·

171 2816 221 2888 ris
247 2815 415 2888 intervallo
435 2813 475 2886 ab
490 2837 589 2886 aurea
602 2813 790 2887 Latinitatis
806 2825 911 2887 aetate
925 2825 1097 2908 remotam,
1119 2827 1217 2913 atque
1234 2839 1308 2888 eam
1322 2819 1415 2893 venis

172 2933 393 3030 medullisque
407 2930 552 3004 civitatis
576 2931 781 3005 Christianae
807 2933 1022 3030 desumptam.
1059 2933 1225 3017 Quantum
1251 2935 1285 3006 in
1302 2937 1414 3032 rebus,

172 3033 372 3150 tantumJiu
406 3073 519 3124 rerum
550 3049 667 3122 formis
693 3061 802 3124 mente
829 3051 997 3148 conceptis
1030 3049 1099 3124 sive
1132 3052 1166 3124 in
1206 3053 1291 3126 ideis
1327 3056 1416 3130 inest

171 3169 393 3266 discriminis,
426 3177 523 3264 atque
549 3191 711 3242 summam
737 3171 772 3242 in
797 3169 947 3266 utrisque
971 3169 1187 3242 mutationem
1213 3181 1247 3243 et
1279 3197 1413 3246 conver*

169 3289 302 3360 sionem
328 3284 516 3364 necessario
536 3285 683 3382 linguam
709 3287 911 3384 aliquantum
937 3287 1043 3384 sequi,
1069 3311 1137 3359 non
1162 3291 1321 3386 estquod
1342 3291 1413 3387 plu-

170 3406 266 3480 ribus
296 3404 514 3478 demonstrari
540 3403 747 3502 oporteat*).

274 3523 366 3608 Quae
393 3547 468 3596 cum
495 3525 540 3596 ita
574 3521 652 3617 sint,
686 3522 786 3595 alium
818 3520 880 3594 viri
914 3521 1002 3594 docti
1029 3521 1279 3619 deprehendent
1303 3523 1411 3624 Virgi-

235 3740 262 3806 *l
280 3743 354 3807 Cujus
371 3745 467 3808 quidem
484 3745 520 3795 rei
536 3751 622 3794 testem
639 3757 666 3794 ee
683 3743 753 3794 nobis
770 3743 857 3795 offerre
869 3741 961 3811 ridetur
978 3741 1169 3806 multantes,
1188 3745 1228 3810 qui
1239 3746 1409 3812 interpretante

168 3829 281 3880 Piezza
301 3827 394 3890 (Parad.
411 3828 488 3891 xxvi,
507 3827 556 3880 119
572 3827 651 3894 seqq.)
667 3828 782 3879 hdamum
799 3826 929 3877 introducit
945 3825 1143 3909 itayloquentem:

372 3953 405 3974 ε-
423 3953 456 3966 -
472 3925 506 3966 ἑ·-
522 3929 612 3980 Natura
629 3929 670 3980 dat
686 3929 738 3994 ipsa
755 3927 885 3994 loquelam,
921 3937 925 3947 ·

373 4014 438 4073 Quae
454 4013 487 4063 sit
503 4029 606 4078 cunque,
623 4013 729 4076 homini;
745 4012 830 4063 reatris
847 4027 889 4062 ros
906 4011 995 4062 viribus
1012 4012 1046 4062 uti

371 4096 418 4146 l’rc
436 4097 511 4148 lubitu
529 4098 594 4148 siunt.
627 4096 687 4148 hnte
705 4097 767 4147 Oreo
785 4111 856 4161 qnam
874 4095 987 4146 illaberer
1004 4103 1065 4157 atro,

371 4181 400 4232 El
417 4181 478 4231 inter
493 4189 586 4232 nestros
604 4196 692 4232 uomere
708 4182 755 4232 albi
772 4195 881 4232 summus
898 4181 1001 4232 habebat

373 4265 441 4314 Tunc
456 4265 537 4328 Amor,
551 4265 618 4316 unde
636 4267 719 4327 fluunt,
738 4279 798 4330 quae
817 4279 855 4316 me
873 4266 943 4316 isthic
960 4264 1045 4328 gaudie
1064 4265 1167 4330 cingunt.

371 4348 467 4403 lleinde.
478 4351 517 4400 lili
534 4359 571 4400 est
588 4351 673 4411 dictus,
691 4350 755 4414 quod
773 4356 877 4399 vestram
895 4349 957 4398 hand
974 4349 1075 4401 dedecet
1091 4365 1170 4412 usum,

370 4432 526 4484 Consimilem
545 4435 569 4484 in
587 4449 655 4485 ramo
673 4434 766 4484 lrondi:
786 4434 842 4485 dnm
860 4432 928 4497 lapsa
944 4421 1068 4498 putrescit,

372 4514 451 4568 Altera
467 4518 581 4570 succedit.
657 4507 658 4512 '
