3362 5414
641 609 835 662 lumnuonun
852 609 892 661 ut
1290 605 1329 670 13
1380 556 1384 696 i

214 842 248 896 75
265 829 303 892 Et
323 828 402 908 nigri
424 828 462 890 ad
483 846 579 909 usque
601 828 698 891 amnis
719 829 816 910 ripam
838 847 891 890 ora
912 803 1031 892 silentia
1051 829 1160 911 pressi.

265 940 361 1020 Atque
384 955 455 1000 ecce
477 938 599 1018 antiquo
621 957 678 1000 nos
701 947 803 1001 contra
825 940 949 1001 tendere
972 957 1063 1001 canus

267 1048 355 1111 Crine
378 1048 474 1111 Senex
495 1055 597 1110 vectus
620 1047 737 1128 cymba,
761 1057 791 1111 et
811 1049 917 1130 procul
938 1048 1135 1130 increpitare:

265 1160 325 1220 Vae
345 1158 447 1230 vobis,
470 1157 586 1220 animae
607 1177 726 1239 pravae.
770 1159 862 1240 Spem
883 1157 1005 1238 ponito,
1028 1159 1144 1220 coelum
1170 1183 1174 1196 ¹

264 1268 387 1330 visuras
406 1277 462 1329 'vos
484 1271 551 1330 es'se
572 1279 711 1348 unquam.
754 1269 799 1330 idn
822 1269 963 1330 duetrrrus
986 1269 1130 1338 adoram

214 1381 250 1440 8⁰
267 1378 444 1458 oppositam
465 1375 554 1439 renio
577 1385 664 1457 atque
687 1377 825 1442 aeternae
846 1377 945 1439 noctis
968 1378 1004 1439 ad
1026 1377 1157 1451 combros,

265 1490 387 1550 destum
408 1486 702 1568 interplaciemque.
745 1489 784 1550 Et
805 1487 852 1559 tu,
876 1505 952 1567 quae
973 1488 1104 1550 vesceris
1126 1505 1209 1560 aura,

266 1596 292 1658 0
314 1597 428 1670 anima,
451 1596 588 1659 abscede.
601 1589 673 1659 hinc
694 1605 782 1678 atque
805 1597 880 1660 istos
901 1605 998 1659 morte
1018 1606 1191 1678 peremptos

265 1708 385 1769 desere.
429 1708 467 1768 nt
489 1715 521 1768 ut
540 1707 615 1769 vidit
636 1727 684 1769 me
706 1715 848 1779 stantem,
870 1707 980 1770 talibus
1005 1707 1082 1770 iniit:

266 1815 508 1890 lre;vias.aiias‚
532 1816 608 1879 alios
630 1817 685 1878 tihi
709 1835 852 1897 quaerere
874 1824 979 1897 portus

215 1933 249 1987 85
265 1927 319 1988 Est
341 1945 432 2006 opus,
451 1933 489 1989 ,ut
509 1926 607 2006 ripam
628 1934 748 2005 tangas3
770 1927 842 1989 hinc
862 1926 906 1988 ire
928 1915 1054 1990 facultas

266 2036 351 2098 Nulla
373 2037 475 2109 datur3
498 2035 591 2098 levior
611 2035 701 2116 pinus
722 2043 753 2097 te
774 2044 871 2098 vectet
893 2045 1020 2116 oportet.

311 2146 365 2208 Cui
388 2146 446 2208 dux
467 2163 578 2226 pauca:
603 2147 739 2220 Coenon,
762 2164 800 2206 ne
822 2145 913 2207 saevi.
955 2147 1030 2210 Nam
1051 2146 1102 2208 illa
1123 2154 1258 2227 potestas

267 2257 335 2318 Vult
356 2255 417 2330 ita,
440 2274 489 2317 cur
510 2256 609 2318 iacere
632 2265 692 2329 est,
718 2255 894 2335 quodvult,
919 2264 949 2317 et
968 2255 1054 2336 plura
1076 2273 1181 2336 rogare

267 2365 400 2430 desine·
429 2366 563 2428 Lanosas
586 2366 704 2428 liventis
726 2365 824 2428 navita
849 2366 958 2444 stagni,
1300 2357 1302 2360 ’

219 2494 251 2546 eo
267 2475 390 2537 Talibus
412 2476 536 2550 auditis,
555 2459 649 2557 jussit
669 2475 858 2556 requiescere
879 2475 982 2548 malas,

268 2585 321 2649 Cui
344 2585 532 2648 circumfusis
554 2585 698 2650 ardebant
718 2586 829 2648 lumina
851 2585 990 2648 dammis.

267 2696 342 2758 Tum
363 2715 433 2758 vero
455 2696 524 2758 illae
546 2697 662 2758 animae
682 2696 780 2758 lassae
801 2695 958 2776 nudaeque
978 2695 1094 2757 colores

266 2805 416 2868 Mutavere
438 2825 525 2880 suos,
550 2825 585 2868 ac
607 2804 746 2868 dentibus
768 2806 956 2879 intremuere,

267 2915 348 2978 Haec
369 2915 495 2978 simulac
517 2916 625 2979 feriere
647 2933 733 2976 aures
756 2915 887 2978 crudelia
910 2915 1006 2976 dicta:

219 3038 251 3091 95
267 3027 361 3106 dtque
384 3026 446 3087 lieo
468 3025 639 3107 pariterque
661 3024 726 3086 suis
747 3024 927 3087 maledicere
949 3033 979 3086 et
1001 3025 1081 3086 omni

267 3135 403 3197 Humano
426 3135 544 3214 generi,
567 3144 743 3216 tempusque
765 3127 922 3214 locumque
945 3155 1074 3217 suosque

266 3245 415 3308 detestari
437 3253 520 3306 ortus
541 3253 572 3308 et
592 3263 695 3308 semen
717 3243 858 3318 seminis,
882 3245 960 3308 unde

265 3355 345 3435 Ipsis
366 3355 426 3416 vita
448 3355 513 3416 tuit.
556 3355 669 3417 Deinde
692 3372 797 3416 omnes
819 3353 935 3431 agmine
954 3353 1075 3432 junctae

266 3466 381 3527 Venere
404 3465 441 3526 ad
463 3464 578 3526 tristem
601 3464 716 3543 magnis
738 3462 899 3525 ululatibus
922 3480 1014 3535 oram,

204 3584 249 3636 lou
268 3575 351 3648 Quae
374 3574 519 3640 scelerata
541 3581 656 3648 manet,
679 3573 850 3654 spernentia
872 3583 994 3652 pectora
1015 3589 1136 3634 numen.

267 3685 321 3749 His
344 3685 432 3746 oculo
455 3687 624 3748 flammante
647 3685 769 3747 Cranen
790 3682 867 3762 nigri
890 3682 1003 3744 arbiter
1024 3681 1121 3744 amuis

266 3796 383 3869 lupuit,
407 3802 495 3875 atque
518 3795 631 3858 animas
655 3811 778 3856 examen
800 3783 932 3872 cogitio
954 3809 1061 3866 uoum3

266 3905 299 3966 Si
323 3923 381 3985 qua
403 3905 487 3966 stetit
508 3922 643 3974 cessans,
666 3903 744 3966 hanc
765 3903 839 3966 remi
860 3901 983 3965 verbere
1004 3900 1112 3981 pulsat.

265 4015 308 4076 Ac
329 4013 421 4075 veluti
437 4015 567 4076 frondes
590 4014 723 4076 autumni
746 4012 855 4091 frigore
878 4011 976 4093 primo

206 4137 249 4191 lun
264 4127 351 4188 Juxta
374 4123 448 4186 alias
471 4123 546 4185 aliae
567 4123 689 4204 propria
711 4123 852 4202 gravitate
873 4124 1008 4184 feruutur

265 4237 432 4308 decussae,
456 4233 552 4296 donec
573 4233 670 4296 telluri
692 4233 824 4297 reddidit
844 4251 948 4295 omnes

252 4345 391 4414 ,Divitias
413 4341 541 4424 spoliata
563 4344 666 4405 arbor:
691 4343 736 4404 sic
758 4361 859 4406 semen
880 4342 977 4404 nom

266 4455 461 4528 Perversum3
484 4473 522 4522 en
539 4453 605 4534 ripa
627 4453 688 4516 ruit
708 4470 767 4515 una
789 4460 876 4533 atque
899 4452 1006 4525 altera,
1029 4458 1059 4514 et
1079 4467 1138 4516 uua
1244 4457 1252 4508 .”

267 4565 340 4626 Post
362 4563 451 4626 aliam
474 4565 512 4626 ad
534 4571 652 4638 nutum,
675 4570 707 4625 ut
728 4572 918 4626 revocantum
940 4563 978 4626 ad
1000 4561 1085 4641 signa
1107 4560 1253 4623 volucres.
