3282 5404
669 449 917 462 onan-*u—

352 511 415 572 388
804 507 936 557 ranturst
955 507 1032 558 xxxt.

418 729 513 808 Auget
533 747 626 808 opus3
649 729 753 790 liorem
776 745 807 788 tn
828 745 977 807 magnum,
1000 726 1050 807 apri
1073 734 1195 788 ornatus
1218 724 1349 788 abundat

370 843 402 896 to
419 839 477 900 Tot
498 838 588 912 loliis,
612 837 683 900 irino
704 837 913 912 descendebat,
937 843 966 898 et
988 836 1058 898 inde
1080 836 1204 907 redibat,

418 947 611 1009 Adsoendens
634 947 685 1008 ubi
709 963 829 1026 semper
850 947 941 1010 Amor
961 945 1115 1027 propriam
1135 945 1239 1006 incolit
1260 947 1375 1007 aedem.

418 1056 562 1136 Fulgebat
584 1057 649 1118 rivo
672 1056 765 1120 iacies
788 1057 835 1118 his
857 1055 997 1118 omnibus
1020 1055 1097 1134 igne,

418 1167 497 1228 Auro
518 1167 677 1246 remigium
699 1165 831 1241 alamm3
853 1167 899 1228 sie
920 1173 1036 1228 coetera
1060 1163 1197 1238 eandem,

419 1277 455 1338 Ut
477 1276 527 1338 nix
549 1276 627 1338 nulla
650 1294 755 1356 aequa.
798 1276 832 1337 ln
855 1273 999 1354 mentium
1022 1273 1137 1354 dilapsa
1159 1273 1239 1336 rossi

371 1393 402 1444 to
418 1385 500 1448 ilaue
521 1404 577 1465 per
598 1394 628 1447 et
648 1386 724 1448 hano
744 1383 854 1447 seriem
876 1385 1047 1457 modorum,
1070 1383 1213 1464 quidquid
1237 1385 1343 1464 adepta

418 1495 506 1556 Facis
528 1503 559 1556 et
578 1495 695 1558 ardoris
717 1495 822 1568 luerat,
845 1494 916 1558 dum
936 1493 1059 1555 ventilat
1081 1491 1152 1566 slas,

419 1603 518 1667 Turba
539 1604 639 1666 dabat,
680 1604 743 1666 Neo
761 1603 824 1684 jam
845 1603 1020 1666 uolitantum
1042 1604 1200 1676 exereitus,
1223 1603 1302 1666 inter

418 1713 537 1776 Florem
560 1714 700 1794 quodque
722 1732 813 1796 supra
835 1719 879 1774 est
901 1713 1028 1792 positus,
1051 1713 1148 1793 spatio
1171 1713 1303 1792 undique
1326 1714 1419 1792 pleno,

420 1822 565 1885 obstabat
586 1822 748 1904 quidquam
770 1822 931 1902 splendori,
954 1821 1109 1902 oculisque
1129 1830 1281 1894 tuentum

368 1945 403 1996 uo
418 1933 502 2006 Nam,
523 1939 612 2012 prout
635 1940 682 1994 est
703 1932 834 2011 dignum,
857 1949 891 1994 se
912 1933 963 1994 lux
983 1929 1083 1994 diuina
1103 1950 1159 2012 per
1179 1951 1285 1997 omnes

419 2043 545 2104 Naturae
567 2041 701 2106 immittit
720 2051 831 2123 partos,
854 2041 988 2104 utnulla
1008 2019 1145 2120 potestas

419 2153 495 2214 lluic
517 2151 637 2214 obstare
659 2161 757 2232 queat.
801 2153 875 2214 Tuta
899 2150 949 2212 illa
970 2151 1115 2231 beataque
1137 2169 1238 2230 regns,

419 2262 520 2342 Usque
543 2261 617 2324 adeo
639 2263 819 2342 antiquaque
842 2280 976 2342 nouaque
998 2261 1164 2342 frequentia
1187 2271 1283 2340 genle,

419 2371 491 2434 l'isu
514 2379 544 2433 et
565 2389 665 2434 sutore
687 2390 742 2436 auo
765 2372 883 2450 signum
906 2371 1085 2434 contendere
1107 2371 1144 2432 ad
1165 2389 1256 2432 unum

368 2491 403 2545 25
421 2481 575 2544 Gaudehat
596 2481 695 2545 simul.
740 2481 765 2542 0
787 2481 836 2542 lm
858 2480 975 2559 triplex,
998 2499 1074 2560 qttae
1096 2481 1185 2542 uuieo
1209 2480 1239 2541 iu
1262 2488 1342 2542 astro

420 2590 554 2653 Flumine
576 2591 746 2670 splendoris
768 2589 936 2653 scintillans
957 2589 1069 2652 lumina
1092 2599 1198 2652 euuota
1358 2582 1361 2586 ’

421 2701 472 2761 Sin
494 2700 604 2779 exples,
627 2709 746 2763 nostros
769 2701 805 2762 de
828 2700 913 2762 coelo
934 2699 1053 2782 respice
1074 2701 1191 2763 lluotus.

420 2808 551 2870 Barbara
572 2809 599 2869 si
621 2810 771 2888 quondam
793 2827 868 2888 gens
890 2829 924 2872 ex
945 2810 1068 2889 regione
1089 2811 1234 2890 prolecta,

422 2919 518 2992 Quam
540 2935 661 2998 semper
681 2919 815 2996 Tegeaea
838 2918 910 2998 tegit
930 2919 980 2998 pia
1002 2927 1097 2980 mater
1117 2927 1214 2982 amata

370 3034 404 3086 ao
421 3030 460 3090 Se
483 3048 550 3090 oum
571 3027 656 3108 prole
677 3037 790 3104 rotans,
813 3028 936 3091 Romam
958 3028 1064 3092 mirata
1084 3027 1232 3110 simulque

419 3139 551 3201 Arduum
573 3155 650 3218 opus
670 3138 769 3218 stabat
790 3137 910 3216 longum
933 3137 1026 3200 delixa
1050 3149 1244 3220 stupensque,

421 3250 495 3310 Cum
515 3267 566 3308 res
586 3247 727 3310 mortales
748 3248 927 3310 Lateranum
950 3266 983 3308 se
1005 3245 1108 3309 extulit
1128 3248 1222 3325 ultra3

421 3359 479 3431 uui
502 3357 590 3418 modo
613 3357 650 3418 ab
672 3357 802 3420 humano
824 3357 861 3418 ad
884 3356 1025 3432 diuinum,
1047 3376 1063 3418 a
1087 3367 1220 3438 tempore
1242 3359 1321 3421 liuto

419 3468 563 3529 Veneram
586 3466 621 3528 ad
644 3474 807 3540 aeternum,
829 3475 919 3546 atque
941 3485 957 3528 a
978 3474 1015 3539 te,
1038 3465 1200 3542 Florentia,
1218 3468 1331 3549 justum

369 3585 403 3640 35
419 3576 463 3638 Ad
485 3576 627 3656 populum
650 3595 685 3638 ac
707 3593 821 3650 sanum,
845 3595 904 3655 quo
926 3583 997 3637 tune
1018 3575 1142 3638 haerere
1165 3586 1287 3658 stupore

419 3687 528 3748 Plenus
550 3684 721 3748 debuerim!
744 3686 830 3748 Hune
851 3685 931 3748 inter
950 3693 980 3748 et
1001 3685 1107 3763 gaudia
1130 3695 1210 3749 tanta

418 3796 467 3856 Nil
488 3795 593 3857 audire
613 3795 687 3856 mihi
708 3795 867 3875 linguaque
888 3794 976 3858 silere
997 3794 1128 3858 lubebat.

460 3905 556 3984 thue
577 3904 762 3984 peregrinus,
785 3914 966 3986 quamtum
986 3904 1083 3979 solvit,
1107 3906 1138 3967 in
1160 3907 1234 3970 aede

420 4013 534 4076 Gaudet
554 4015 707 4093 pasoeudo
728 4014 835 4088 visum,
858 4033 893 4076 ao
915 4034 949 4076 se
969 4032 1062 4094 posse
1083 4017 1196 4080 referre

369 4138 404 4192 tu
419 4124 526 4204 Sperat
549 4123 694 4204 quidquid
717 4124 748 4184 in
769 4124 828 4186 hoe
849 4123 938 4198 uidit3
961 4124 1006 4186 sie
1027 4123 1094 4188 luee
1116 4125 1172 4188 sub
1193 4126 1242 4189 illa

418 4233 489 4294 Viva
510 4233 568 4294 iter
587 4233 746 4298 intendens
768 4233 863 4296 oeulis
885 4253 940 4314 per
962 4242 1067 4296 cuneta
1088 4236 1225 4312 rogabar,

419 4344 457 4404 m
479 4361 596 4404 sursum
618 4351 648 4406 et
669 4343 808 4408 deorsum
829 4343 904 4407 mihi
926 4344 1045 4424 saepius
1068 4344 1141 4410 orbe
1162 4364 1310 4408 remenso.

419 4452 486 4546 Vidi
510 4453 693 4532 compositos
715 4453 752 4515 ad
774 4471 907 4518 amorem
928 4453 1041 4534 luigero
1062 4455 1169 4530 uultus,
