3214 5400
342 485 403 550 1⁰8
767 487 950 540 euenerunt
967 489 1023 540 un.

405 705 440 769 Ul
461 714 561 788 palent
581 705 730 768 cernenda
751 706 847 768 oeulis
867 705 1120 788 monnuandaque
1140 708 1246 788 vulgm

334 809 340 822 '
401 813 536 896 Namque
559 815 635 878 aller
655 816 751 889 ooelo,
773 817 862 880 terrie
884 816 962 878 lrane
982 817 1091 878 asserit
1111 817 1197 880 alter.

445 922 497 989 llle
519 931 616 988 nulem
639 926 721 988 duxil
742 925 894 1004 gemitum,
917 944 1007 1006 qoem
1027 928 1117 990 vertit
1138 928 1169 989 in
1190 947 1283 990 nuum

351 1029 615 1099 munsterum!
636 1035 724 1098 dolor
745 1036 941 1116 adstringens,
964 1035 1033 1100 dein
1055 1037 1164 1100 talibuo
1186 1038 1267 1100 infir:

403 1144 531 1209 lllundus
554 1146 822 1225 ementiumque
845 1145 914 1209 inde
937 1155 1055 1208 emanat
1076 1147 1169 1224 origo,

404 1254 517 1320 Fraler.
559 1257 619 1318 Voe
640 1256 707 1330 riri,
730 1274 783 1317 voe
805 1255 947 1318 derivatio
969 1256 1000 1318 in
1022 1263 1102 1318 aetra

402 1363 439 1429 El
460 1365 577 1428 eoelum
599 1382 736 1430 caussam
758 1366 899 1445 quamvis,
923 1373 954 1427 ul
977 1366 1003 1428 si
1025 1366 1124 1429 omnia
1146 1367 1264 1430 noelnm

402 1479 511 1540 Secum
534 1483 635 1556 egeret
656 1481 738 1539 nrnlu
760 1474 842 1536 lalali
864 1481 895 1538 el
915 1475 1038 1540 loedere
1060 1483 1153 1538 oeno.

352 1593 385 1648 uo
403 1588 441 1650 Al
462 1585 489 1648 ni
510 1586 541 1648 id
563 1585 639 1648 lorto
661 1592 757 1664 putas,
780 1585 869 1665 periil
889 1586 935 1647 vis
958 1585 1051 1649 libera
1072 1586 1165 1650 vestri

403 1696 534 1768 arbitrii,
556 1693 634 1757 haud
656 1711 783 1774 nequam
804 1695 986 1776 adspiceres,
1010 1697 1186 1775 quaefacta
1208 1697 1363 1777 rependat,

402 1806 560 1879 Jusliliam,
584 1812 612 1868 al
632 1804 734 1881 lugere
755 1803 864 1878 bonos,
886 1803 1014 1884 gaudere
1038 1805 1218 1872 aeolesloam

446 1916 471 1978 l.
493 1915 578 1978 coelo
600 1914 689 1994 primi
710 1913 832 1975 veniunt
853 1914 885 1976 in
906 1923 1028 1994 peotora
1049 1925 1165 1978 metuo:

403 2027 470 2089 Non
492 2043 607 2094 omnes,
632 2023 770 2104 inquam
791 2024 933 2103 quamvis,
956 2025 982 2086 si
1003 2025 1063 2088 hoe
1083 2043 1221 2088 asserere
1241 2027 1348 2100 anaim,

353 2146 387 2197 'lo
403 2138 463 2199 Pro
484 2134 570 2198 vobio
591 2134 666 2196 reeti
686 2151 722 2196 ae
743 2134 827 2214 pravi
846 2133 1015 2215 justissima
1033 2135 1127 2216 judex

404 2244 565 2309 serratio
589 2252 619 2306 et
643 2243 724 2306 nulla
746 2243 952 2324 expugnabilia
973 2252 1035 2308 erle
1057 2244 1193 2308 voluntas

405 2355 529 2429 libera3
551 2362 581 2418 et
602 2354 685 2427 haee,
708 2354 806 2434 primo
828 2353 932 2417 durata
954 2354 985 2416 in
1006 2354 1125 2416 turbine
1150 2371 1268 2436 pugnae

406 2465 515 2528 Contra
535 2464 595 2526 vim
617 2462 703 2536 eoeli,
725 2481 824 2544 pugna
847 2462 983 2528 discedet
1003 2464 1040 2527 nb
1062 2465 1152 2538 omni,
1233 2513 1235 2520 .

406 2574 537 2640 Sibene
558 2581 664 2654 peetus
686 2573 754 2646 alal,
776 2581 861 2654 parlo
883 2573 1028 2636 laudanda
1051 2573 1212 2656 triumpho.

355 2689 389 2745 75
448 2684 546 2746 Virtus
567 2701 622 2745 voa
642 2683 747 2764 major,
770 2683 878 2745 melior
899 2690 1003 2746 natura
1025 2683 1166 2746 suhaoloe

406 2795 580 2872 Temperat,
603 2792 744 2854 ineolumi
765 2791 904 2867 arbitri03
927 2802 1016 2874 alque
1037 2794 1112 2858 haee
1133 2794 1199 2875 ipsa
1222 2794 1333 2858 creavit

405 2905 440 2968 lu
461 2903 547 2965 vobis
568 2910 706 2973 menlem,
730 2920 807 2981 qnae
829 2904 904 2966 eoeli
926 2903 1005 2967 haud
1027 2905 1134 2967 tradita
1156 2922 1245 2968 murae
1266 2913 1323 2968 ese.

407 3015 515 3088 Quare,
539 3013 565 3074 si
586 3029 733 3093 praesens
752 3013 881 3076 mundus
903 3033 957 3076 vos
978 3013 1096 3078 uamile
1117 3023 1200 3078 reolo
1221 3085 1224 3096 ,

405 3123 543 3197 Abducit,
564 3121 695 3202 primum
716 3139 770 3184 vos
792 3123 874 3186 inlus
897 3125 1029 3204 quaerite
1052 3143 1206 3201 nauseam

315 3283 321 3298 ,
356 3244 390 3299 80
406 3234 502 3314 Atque
524 3233 599 3294 meis
622 3229 721 3294 verbis
743 3233 819 3294 haee
841 3234 942 3296 omnia
962 3251 1031 3296 vera
1052 3234 1199 3314 probabo.

407 3344 490 3406 lilius
513 3342 589 3405 haee
609 3341 705 3404 anima
729 3361 746 3404 e
767 3342 915 3412 manibus,
938 3343 989 3423 qui
1011 3344 1136 3424 suspicit
1158 3345 1263 3426 ipaam,

406 3453 481 3515 Aule
502 3452 561 3514 frui
584 3469 673 3531 param
695 3453 747 3514 det
765 3453 832 3524 vila,
855 3453 1011 3516 devincere
1031 3473 1140 3527 amore,

408 3561 517 3624 Infanti
539 3561 667 3623 similem
689 3561 828 3624 lacrimas
849 3563 994 3643 lusumque
1015 3564 1143 3626 cientem

407 3673 489 3734 llore
511 3670 646 3750 puellari,
670 3671 795 3752 simplex
818 3672 980 3752 ignaraque
1001 3691 1103 3736 rernm

357 3791 391 3846 85
407 3780 546 3855 Prosilil3
569 3780 707 3861 excipito,
730 3781 861 3844 anulonis
883 3783 963 3862 quod
984 3789 1065 3846 mola
1087 3784 1184 3846 snivi

408 3889 736 3964 enumeraremus,
759 3909 820 3970 quo
841 3909 875 3954 se
897 3891 1047 3954 obleelare
1069 3893 1193 3968 solebat,

408 3997 596 4077 Regredilur.
639 3999 812 4080 Parvusque
833 4000 907 4063 boni
928 4021 1019 4082 sapor
1039 4001 1132 4066 allioit
1151 4003 1234 4066 illurn

407 4109 579 4188 Principio3
600 4109 690 4171 iorlrie
712 4109 867 4190 decipitur,
890 4118 989 4174 lamen
1010 4111 1099 4174 inoila
1119 4113 1151 4174 in
1173 4113 1262 4176 iatum

407 4218 523 4291 Fertm,
546 4219 577 4281 ni
599 4218 715 4280 lreuum
736 4219 783 4280 vel
805 4220 864 4282 dux
885 4220 1024 4284 delloelal
1045 4231 1201 4286 amantem.

357 4341 392 4392 9⁰
410 4326 511 4400 Quare
533 4335 580 4390 eat
600 4327 637 4390 al
660 4328 756 4408 legem
777 4337 906 4404 reulum,
930 4349 1005 4411 quae
1028 4339 1126 4396 ulatur
1146 4333 1300 4409 balterus,-

408 4437 550 4518 llajeslaa
571 4438 740 4517 quaerenda
762 4439 851 4502 siml
872 4442 982 4504 nummi
1004 4442 1113 4506 arbitro
1134 4445 1224 4524 regie,
