3236 5394
579 605 866 660 rursouonuuxaxr.
1222 612 1279 674 121

172 833 205 887 85
223 823 398 885 Terrorem:
421 824 500 884 haud
523 843 653 904 uuquam
674 835 772 888 movet
793 829 834 901 is,
858 846 933 907 quae
954 830 1074 892 brachia
1094 831 1190 892 torsit.

264 934 312 994 llli
333 950 388 1011 ego
411 941 490 995 tum:
513 933 638 1006 Vellem,
662 937 727 998 fieri
750 938 776 998 si
797 957 888 1016 posse
909 947 1038 1017 putares,

222 1044 403 1105 Immensum
425 1044 472 1104 his
494 1043 589 1105 oculis
610 1045 741 1106 Baream
763 1047 873 1108 ridere.
918 1049 976 1110 Sed
998 1048 1063 1110 ille:

223 1153 364 1215 Auruncu
385 1153 464 1214 haud
486 1153 590 1233 procul
612 1155 745 1216 invenies
767 1156 885 1218 dantem
907 1176 958 1218 ore
980 1157 1123 1237 loquelas,

225 1263 321 1336 Quem
342 1282 402 1325 non
424 1264 520 1325 vincla
541 1271 658 1337 tenent,
682 1265 732 1344 qui
754 1285 809 1326 nos
832 1267 982 1345 deponere
1004 1269 1034 1328 in
1056 1268 1114 1330 ima

174 1387 206 1439 00
223 1373 317 1447 Valle,
340 1373 393 1434 ubi
415 1383 587 1436 cunctorum
610 1382 687 1436 stant
708 1383 829 1454 pectora
850 1377 979 1455 pessima
1001 1385 1129 1450 sontum,

110 1548 113 1585 ι
223 1482 332 1544 Possit.
378 1484 473 1557 Quem
495 1485 600 1557 velles,
624 1485 650 1546 is
673 1484 764 1546 multo
786 1485 902 1564 longius
924 1487 1018 1549 isthac

110 1590 112 1647 !
224 1593 335 1666 Distat,
358 1601 387 1655 et
409 1601 456 1656 est
476 1595 580 1656 vinclis
602 1594 732 1668 vinctus,
756 1615 811 1656 nec
833 1597 952 1676 dispare
974 1598 1079 1669 forma,

109 1666 112 1745 Ι
225 1703 257 1764 Si
278 1703 390 1766 vultum
414 1705 562 1784 excipias,
586 1705 637 1784 qui
659 1705 776 1765 saevior
797 1723 864 1767 0000
885 1707 1010 1768 ridetur.

265 1814 327 1889 Nep
347 1815 411 1894 jam
432 1814 476 1874 sic
497 1813 610 1875 validus
633 1822 729 1876 terrae
751 1823 863 1876 tremor
884 1817 994 1894 ingmit
1015 1835 1154 1896 uuquam,

174 1923 299 1984 0511010
322 1942 376 1984 sua
396 1931 521 1986 stantem
545 1933 678 2002 quateret
700 1925 750 2007 qui
772 1925 877 1986 lortius
899 1945 1006 1999 arcem,

223 2032 262 2093 Ut
283 2033 342 2094 cito
365 2052 397 2094 se
420 2033 549 2094 excussit
570 2034 667 2095 dirum
689 2051 781 2111 genus
803 2036 992 2097 Irarusmun.

226 2142 309 2203 Tunc
330 2143 403 2204 mihi
425 2162 521 2216 mors,
545 2161 695 2222 nunquam
718 2145 802 2224 pejus
824 2147 998 2218 metuenda,
1021 2147 1156 2220 recurrit,

224 2251 270 2312 lo
292 2271 379 2332 quam
402 2252 528 2316 lormido
551 2262 596 2316 sat
618 2261 695 2328 erat,
718 2255 776 2314 nisi
797 2255 912 2316 vincula
935 2263 1012 2317 torta

224 2362 380 2423 Vidissem.
423 2363 520 2435 Quare
542 2382 646 2442 gressu
668 2365 870 2443 processimus
892 2364 976 2438 ultra,

162 2483 209 2534 100
225 2472 365 2532 Auruncu
388 2479 417 2532 et
438 2473 584 2551 petimus,
608 2475 658 2552 qui
680 2474 780 2547 ulnas,
803 2475 867 2534 siue
890 2476 1012 2549 vertice,
1037 2477 1129 2537 denas

227 2581 375 2662 Spelunca
397 2582 544 2656 exstabat,
568 2584 716 2664 solvitque
737 2585 812 2645 haec
834 2603 885 2646 ore
907 2586 1062 2664 magister:

227 2692 252 2753 0
274 2693 440 2754 fortunatae
462 2693 584 2754 nimium
605 2701 688 2755 vetus
710 2695 807 2755 incola
828 2694 921 2769 vallis,

227 2801 309 2873 Quae
333 2801 441 2864 decora
464 2803 561 2864 eximii
585 2805 734 2882 quondam
756 2804 837 2865 dedit
858 2805 954 2884 ampla
976 2805 1117 2884 triumphi

227 2911 372 2990 Scipiadi‚
394 2913 583 2987 Annibalem,
606 2914 691 2975 turha
714 2914 838 2976 cedente
861 2933 992 2988 suorum,

162 3029 209 3082 105
225 3021 303 3082 Vidit
324 3022 375 3083 ulti
397 3022 466 3084 dare
487 3031 570 3100 terga
591 3024 694 3100 fugae,
718 3043 736 3085 o
759 3026 807 3086 cui
829 3025 909 3086 mille
930 3025 1049 3088 leonum

226 3132 357 3194 Sacrasti
379 3132 513 3207 exuvias3
536 3153 554 3194 o
577 3141 622 3206 tu,
646 3137 696 3212 qui
719 3135 744 3195 si
767 3135 1027 3212 agminalratrum

213 3242 358 3303 invisses
381 3242 439 3304 alto
462 3243 491 3303 iu
514 3241 608 3317 bello,
628 3244 690 3324 jam
713 3244 834 3306 credere
857 3244 978 3321 dignum
1000 3252 1046 3305 001

126 3433 131 3439 ¹
227 3352 373 3413 Cessurcs
394 3369 519 3429 regnum
540 3353 617 3414 natis
640 3353 744 3414 tellure
767 3354 860 3414 luisse

227 3462 393 3524 Coelicolas
415 3462 528 3536 01010ος
551 3481 589 3523 00
611 3481 666 3525 nos
689 3463 839 3542 deponere
861 3464 891 3524 in
914 3461 976 3522 oris

162 3585 209 3636 110
227 3572 328 3650 Cocyti
350 3588 437 3648 grave
460 3572 514 3643 sit,
538 3573 647 3650 glacies
669 3591 756 3652 quem
779 3572 884 3650 frigida
906 3572 1006 3633 vincit.

226 3681 270 3742 Ne
292 3682 376 3743 mitte
399 3691 518 3743 orantes
541 3682 649 3755 Trono,
673 3701 711 3745 ne
733 3683 815 3743 mitte
838 3682 996 3742 Trrnoso:

224 3791 362 3870 Largiter
381 3791 430 3852 hic
451 3791 594 3871 praebere
616 3799 729 3871 potest,
752 3811 828 3871 quac
849 3811 971 3854 munera
994 3791 1092 3852 cuncti

224 3901 281 3961 llic
301 3901 391 3962 rostri
415 3902 546 3981 cupiunt.
590 3902 681 3963 Oneri
704 3919 871 3982 supponere
893 3909 993 3980 tergus

224 4010 268 4072 Ne
290 4011 389 4090 pigeat
411 4018 531 4085 nostro,
555 4019 585 4073 et
606 4031 679 4073 naso
702 4014 884 4092 suspendere
906 4031 1028 4091 parce„

161 4120 285 4181 1101010
308 4127 338 4182 01
360 4121 437 4200 apud
461 4139 587 4200 superos
609 4123 719 4202 poterit
740 4122 794 4183 tibi
815 4122 941 4184 reddere
963 4123 1071 4183 lamam

224 4229 311 4291 Nunc
334 4248 469 4309 quoque3
491 4231 561 4292 vivit
584 4232 675 4304 enim,
699 4239 730 4292 et
750 4231 918 4294 diuturnam
940 4231 1047 4292 ducere
1070 4230 1158 4291 vitam

225 4341 346 4419 Sperat,
370 4341 421 4401 ubi
444 4347 511 4402 aute
534 4341 613 4403 diem
635 4360 695 4402 non
717 4343 814 4421 ipsum
837 4342 928 4421 gratia
950 4341 1045 4422 major

224 4448 268 4511 Ad
291 4467 361 4510 sese
383 4459 512 4512 revocet.
536 4483 574 4494 -
599 4451 648 4512 Sic
670 4451 784 4513 doctor.
829 4457 866 4514 At
886 4452 937 4513 ille
959 4451 1085 4513 tetendit

223 4558 437 4639 Approperaus
460 4560 590 4623 dextram
612 4568 655 4631 et,
680 4562 764 4640 queis
785 4563 897 4643 pressit
918 4562 954 4624 ad
975 4560 1066 4624 incita
1087 4560 1222 4622 adactum
