3236 5394
588 582 781 636 tremuerunt
798 583 856 635 bib.

222 803 260 865 Et
280 803 370 864 modo
393 821 426 864 se
447 801 479 867 in
500 801 577 864 telos
599 800 735 874 inclinat,
757 819 838 863 nune
859 809 918 863 stat
937 813 1062 883 nemque

223 912 256 974 ln
276 912 354 992 pede
375 918 466 975 reete.
508 911 564 974 uer
582 911 658 976 haee
678 911 785 984 anrs,
807 911 878 991 lupa
898 911 1044 992 pessima,
1067 911 1176 974 maen

222 1021 427 1102 Respondisse
447 1037 502 1082 suo
525 1037 600 1099 quoe
622 1021 715 1082 senor
734 1019 857 1082 roribus
879 1038 932 1082 usa

49 1214 52 1220 Ι
225 1129 359 1196 Talibus:
381 1129 434 1192 Est
455 1128 561 1212 ingens
581 1138 679 1192 terum
698 1129 773 1192 mibi
793 1129 901 1208 gretie
924 1129 995 1210 quin
1017 1138 1064 1194 att

160 1246 208 1300 leo
224 1239 306 1302 Mira.
327 1273 369 1284 -
390 1240 485 1318 ttqno
506 1237 577 1304 hine
598 1238 704 1300 sauata
726 1238 806 1300 ames
828 1237 868 1300 sit
888 1249 990 1302 nostro
1010 1238 1152 1302 virissim.

708 1497 794 1580 XIX.

266 1675 290 1738 0
314 1676 409 1772 §nuos
429 1693 530 1754 mage,
553 1683 583 1738 ot
603 1693 621 1736 o
643 1675 746 1738 miseri
767 1675 856 1756 hujus
876 1681 975 1738 eastre
996 1675 1099 1750 mou,

225 1785 282 1859 Qui
304 1804 352 1852 res
375 1784 505 1857 dininas,
527 1785 634 1848 summi
658 1803 732 1868 quea
753 1785 863 1850 desere
884 1785 994 1849 amoris

221 1895 348 1974 Dignum
368 1903 450 1958 esset
468 1911 611 1976 sponsas,
634 1902 666 1958 et
684 1913 753 1967 voe,
774 1895 918 1958 suadente
938 1913 1046 1975 ropaoe

141 1995 144 2002 ’
223 2004 368 2085 lnglnvie,
392 2005 430 2068 ob
450 2003 566 2068 lucrum
588 2003 702 2070 audetis
725 2023 929 2084 eorrumpere,
951 2005 1077 2078 mooobi,

191 2115 280 2177 5Vos
301 2127 425 2195 propter
444 2114 524 2178 eluro
546 2113 647 2178 sonitu
668 2113 738 2176 tuba
761 2113 889 2192 clanget,
911 2122 1044 2195 oportet3

163 2278 166 2286 .
223 2224 323 2286 Tertia
345 2242 414 2288 nam
434 2222 519 2286 robis
540 2223 704 2286 substruxit
723 2222 812 2302 bnlga
831 2223 1031 2303 sepulchrum.

262 2334 388 2412 lemque
410 2341 474 2397 eret
494 2332 746 2418 reeensnytnmnli
768 2341 905 2414 superata
927 2333 1079 2412 sequentis

221 2443 339 2522 Rupes,
362 2441 474 2504 direote
495 2443 554 2521 qna
576 2441 693 2504 scilieet
711 2443 847 2505 imminet
867 2442 943 2505 altae

222 2552 256 2615 ln
277 2551 377 2614 medio
399 2549 541 2632 seopuins
562 2553 671 2614 fossae.
714 2551 740 2616 0
762 2552 909 2632 sapientia
931 2551 1058 2616 summai

177 2662 269 2724 1⁰0h
291 2643 432 2742 qnantum
453 2661 485 2726 in
506 2660 591 2724 ooelo
613 2672 750 2748 terreque
771 2661 881 2736 eleuet,
903 2669 934 2724 et
954 2662 1006 2724 ilio

221 2771 357 2837 Pessime
370 2771 412 2838 in
431 2771 521 2844 orbe,
543 2770 633 2835 nrtisi
655 2771 778 2834 Virtutis
799 2789 920 2836 munera
939 2771 1022 2853 justo

220 2880 334 2943 Dividis
356 2878 545 2958 omnigenae!
567 2913 609 2926 -
628 2881 688 2944 Per
708 2880 790 2961 ripae
812 2888 908 2960 terga,
930 2899 986 2961 per
1005 2881 1058 2944 imi

221 2993 319 3056 Strata
340 2989 397 3050 soii
419 2988 479 3051 vidi
499 2988 621 3055 liventia
641 2987 788 3054 marmora
808 2991 923 3052 crebris

221 3099 311 3162 Plena
334 3098 543 3173 foraminibus,
566 3099 634 3162 latis
656 3099 834 3181 aequaliter:
857 3099 919 3162 oris

176 3217 205 3270 le
221 3211 328 3272 Formo
349 3207 477 3273 rotunda
497 3208 595 3272 inerat
614 3209 740 3272 eunetis.
782 3209 878 3270 Minus
900 3209 996 3290 ampla
1017 3209 1120 3282 inisse,

221 3319 282 3381 Nee
303 3317 417 3398 maiore
438 3336 521 3392 reor,
545 3336 621 3398 qnae
642 3318 717 3392 vidi,
740 3318 975 3398 temptatorem

223 3427 313 3490 Sarra
335 3445 402 3490 meo
424 3427 577 3505 inp-ossus
598 3426 812 3507 pulcherrima,
834 3445 927 3507 purus
948 3428 1036 3508 aquai

221 3536 335 3598 Humor
355 3535 407 3600 nbi
426 3536 525 3601 stabnt
545 3535 696 3600 hominem
716 3555 860 3598 renovare
880 3544 1011 3617 paratus.

221 3647 264 3708 De
286 3645 411 3728 quibus,
433 3644 512 3708 band
534 3653 603 3708 ante
624 3646 699 3708 haee
719 3647 827 3720 multo,
848 3645 922 3710 mibi
943 3645 1068 3725 eontigit
1088 3665 1179 3710 unum

173 3766 206 3819 to
219 3755 384 3836 Rumpere,
403 3762 439 3818 ut
458 3755 641 3818 extraherem
663 3757 807 3836 quendam
823 3755 886 3837 jem
907 3774 1032 3837 corpore
1053 3775 1191 3830 mmutn,

221 3864 385 3928 interclusa
406 3863 519 3938 anima3
542 3863 631 3944 idque
653 3865 790 3944 obsignot
811 3873 941 3940 caetere,
963 3873 997 3928 nt
1017 3883 1135 3930 omnent

220 3973 355 4054 Dissipet
374 3991 515 4038 errorem.
556 3974 708 4055 Cujusqne
728 3975 884 4038 foraminis
905 3994 956 4038 ore

220 4081 357 4144 Damneti
376 4081 532 4148 exulabant
551 4083 737 4164 pedibusque
759 4093 790 4147 et
810 4085 946 4148 menore
968 4105 1063 4168 nsque

220 4192 264 4255 tn
286 4209 397 4254 suram.
439 4191 567 4258 Interius
587 4211 658 4273 pers
679 4201 796 4260 eastern
814 4202 894 4258 <tecta
915 4195 1062 4258 manebat.

173 4310 204 4365 tn
221 4299 368 4370 omnbus
389 4301 459 4382 taos
480 4302 620 4368 insensior
641 4311 705 4366 erat
725 4323 780 4384 pes
799 4323 892 4378 nune,
915 4312 945 4366 et
966 4305 1056 4380 alter3

222 4411 321 4486 Quare
343 4411 478 4478 oonvuisi
495 4412 648 4494 jaetabant
669 4412 777 4494 impete
798 4421 880 4479 tento

220 4519 365 4595 Membra,
387 4528 422 4584 nt
441 4521 594 4603 rupissent
614 4531 749 4586 extorto
769 4523 880 4588 vimine
900 4523 1005 4588 vineis.
