3282 5404
641 473 774 521 Pensutst
791 471 879 522 txvtt.

158 553 1372 586 Ἣ

263 684 300 747 Ut
321 689 401 751 Deus
423 688 571 753 exsultare
592 688 666 750 mibi
688 689 728 752 sit
747 689 830 752 risus
851 692 881 754 in
903 693 970 755 illo:

261 801 354 861 dxem
377 817 452 878 quae
473 798 606 861 medium
627 807 725 862 motus
747 808 852 862 natura
875 803 1005 884 quietum

262 908 396 970 Postulat
417 916 448 970 et
467 909 569 988 rapida
590 909 737 988 vertigine
758 922 874 974 caetere
897 920 1024 993 torquet,

212 1032 246 1087 ss
262 1018 385 1080 Prosilit
405 1019 484 1093 hinc,
507 1019 620 1080 ulline
642 1033 714 1093 su03
736 1035 792 1081 nec
814 1021 946 1083 continet
966 1024 1025 1085 ulla

261 1128 322 1192 Res
343 1127 401 1190 alia
421 1128 480 1190 boc
502 1129 626 1203 coelum,
650 1147 737 1209 quem
759 1147 846 1191 mens
867 1131 965 1194 divina
987 1133 1165 1211 gubernans,

261 1239 295 1300 ln
319 1257 376 1318 qua
398 1239 524 1316 ignescit
544 1257 628 1300 amor
647 1249 776 1312 vertens,
799 1248 829 1299 et
850 1260 926 1319 quae
947 1242 1023 1323 pluit
1045 1244 1104 1307 alto

262 1348 372 1410 Virtus.
414 1349 479 1410 Lux
500 1355 531 1408 et
551 1365 635 1410 amor
656 1347 771 1410 coelum
793 1349 851 1410 hoc
872 1351 1045 1431 praecingit,
1070 1362 1100 1416 et
1119 1355 1218 1434 ipsum

263 1459 370 1520 Coelos
392 1457 558 1538 praecingit
578 1455 720 1537 reliquos,
744 1477 888 1537 mensque
909 1461 997 1523 unica
1020 1464 1143 1542 cingens

197 1579 246 1633 10⁰
261 1568 477 1644 Praecinctum,
500 1566 565 1628 sola
585 1568 644 1629 boc
665 1567 812 1656 intelligit.
855 1569 941 1630 Haud
963 1571 1021 1634 ciet
1042 1573 1101 1654 ipsi

263 1678 368 1742 Extare
389 1679 434 1740 ris
455 1685 578 1751 motum,
600 1677 724 1756 proprio
747 1677 800 1738 sed
824 1678 940 1741 turbine
960 1691 1060 1744 motus

263 1789 420 1851 Coelorum
441 1786 574 1868 reliquos
596 1787 693 1866 ipsum
715 1788 844 1862 metitur,
866 1798 898 1850 ut
920 1791 1006 1852 audis

262 1897 423 1962 Dimidium
445 1898 610 1978 quinosque
632 1896 736 1958 decem
757 1898 890 1960 metirier
909 1899 1006 1962 ulnas.

261 2008 388 2090 lamiam
409 2026 465 2088 per
484 2013 515 2068 te
536 2025 628 2068 nosse
649 2013 745 2086 potes,
768 2017 800 2069 ut
820 2011 990 2088 tempusjn
1012 2013 1070 2072 ista

198 2135 247 2189 1⁰5
263 2119 389 2196 Radices
411 2123 496 2192 testa,
519 2116 610 2196 inque
631 2114 699 2178 aliis
720 2115 836 2182 dicatur
856 2118 966 2182 babere

262 2230 407 2291 Frondes.
432 2260 469 2272 -
493 2226 528 2300 Ο,
551 2245 626 2305 quae
647 2225 798 2296 mortales,
819 2227 989 2290 malesuada
1012 2231 1131 2310 cupido,

262 2340 362 2419 Usque
384 2337 459 2400 edco
480 2335 592 2414 mergis
614 2334 671 2397 sub
692 2347 731 2409 te,
754 2343 786 2396 ut
806 2335 954 2401 deducere
976 2340 1012 2400 ab
1036 2342 1123 2402 undis

264 2449 389 2511 Lumina
411 2465 501 2510 nemo
522 2446 581 2507 tuis
602 2443 714 2507 valeat!
735 2445 816 2508 Bene
837 2457 934 2510 restra
955 2449 1090 2513 voluntas

262 2560 379 2632 Floret3
402 2565 432 2618 at
451 2556 573 2620 assiduo
595 2563 746 2616 mutentur
765 2574 834 2618 rera
857 2557 912 2620 sub
934 2559 1029 2622 imbre

198 2676 247 2729 lttt
263 2670 371 2742 Pruna,
395 2669 424 2729 'et
445 2666 586 2746 degeneri
607 2683 660 2727 ros
681 2665 788 2727 ludunt
807 2685 881 2732 rana
903 2685 1021 2748 sapore.
1108 2746 1110 2756 Ι

305 2780 382 2842 Pura
403 2777 478 2840 tides
500 2776 656 2856 pietasque
678 2793 714 2836 ac
735 2777 837 2838 nescia
860 2778 962 2840 tallere
983 2779 1043 2841 vita

263 2891 296 2952 ln
318 2889 431 2951 teneris
451 2895 565 2950 tantum
586 2885 688 2966 pueris
709 2887 867 2966 reperitur,
891 2895 919 2949 et
940 2909 1032 2950 unus-

264 3000 398 3079 Quisque
419 2997 503 3077 prius
525 2997 601 3074 lugit
620 2995 686 3068 bas,
709 3013 796 3075 quam
819 2997 927 3076 plumis
949 3000 1025 3061 male
1049 3008 1173 3076 tegatur.

263 3110 317 3172 Est
339 3109 399 3190 qui,
422 3108 492 3170 durn
513 3105 639 3167 balbutit
659 3105 766 3178 adbuc,
785 3105 899 3185 jejunia
921 3118 1026 3180 serrat,

199 3230 247 3284 115
264 3220 379 3283 Interea
400 3219 500 3294 lingua
521 3221 626 3294 pastus
647 3231 741 3292 genus
763 3231 851 3275 omne
874 3215 969 3276 soluta

262 3331 390 3393 licuerat
409 3328 550 3390 audacter
572 3321 676 3404 quovis
698 3323 753 3385 sub
776 3323 887 3386 lumine
907 3326 1005 3388 lunae.

262 3441 317 3502 list
339 3440 398 3520 qui,
421 3437 493 3499 dum
513 3435 648 3508 balbutit,
671 3441 807 3514 amatque
830 3436 970 3515 auditque
992 3445 1155 3516 parentem,

265 3551 360 3624 Quam
382 3547 474 3627 cupit,
495 3546 611 3624 integro
634 3560 781 3617 sermone,
801 3543 903 3606 ridere
925 3545 1080 3626 sepultam.

307 3660 357 3722 Sic
379 3657 467 3720 solita
488 3663 536 3717 est
554 3654 640 3734 nigro
661 3654 736 3733 tingi
759 3654 835 3718 cutis
857 3655 923 3716 alba
947 3657 1048 3718 colore

199 3788 248 3840 reo
263 3771 298 3833 ln
320 3769 416 3849 primo
438 3767 581 3846 adspectu
602 3765 749 3826 formosae
771 3763 822 3826 illo
843 3774 930 3844 patre
950 3774 1047 3839 natae,

266 3879 333 3954 Qui,
356 3895 424 3939 cum
444 3895 533 3938 mane
553 3875 655 3948 refert,
677 3874 780 3936 abiens
802 3874 860 3936 sibi
883 3875 1025 3954 subrogat
1044 3877 1174 3938 umbras.

305 3990 344 4050 nt
364 3994 405 4060 tu,
428 4003 466 4048 ue
487 3985 608 4062 ignarus
630 3993 760 4064 stupeas,
782 3981 812 4046 id
834 3993 956 4064 pectore
976 3986 1069 4059 volve,

264 4099 299 4160 ln
320 4096 410 4160 terris
431 4095 544 4158 nullum
567 4113 635 4157 esse
657 4094 771 4168 ducem,
794 4094 845 4174 qui
867 4111 956 4173 regna
979 4095 1138 4174 gubernet3

265 4208 364 4282 Quare
385 4205 541 4268 hominum
561 4205 683 4268 soboles
703 4203 833 4267 declinet
854 4205 973 4266 tremite
993 4213 1085 4267 recto.

199 4323 246 4378 tet
263 4319 300 4379 At
321 4316 405 4398 prius
426 4303 562 4378 hibernis
583 4321 663 4378 totus
686 4331 774 4395 mam
797 4315 940 4376 excedere
961 4314 1074 4404 mensis

262 4426 329 4490 lani
351 4425 474 4490 sortitus
495 4441 606 4508 nomen
627 4433 757 4504 cogetur,
781 4427 822 4488 ob
842 4425 922 4488 illam
