3214 5400
367 535 427 598 191
793 539 973 592 runosronn
991 541 1048 593 11.

433 757 470 819 Ut
491 758 541 837 qui
565 759 659 821 oouiis
682 759 779 839 posita
801 767 867 820 ante
890 759 969 821 videt
989 760 1202 833 tantummodo,
1226 771 1255 824 et
1276 761 1353 824 uitro

431 867 498 929 Non
520 868 599 930 videt
621 867 748 930 exanimi
771 867 894 930 simulac
917 869 998 931 calor
1019 887 1089 931 ossa
1111 870 1249 950 reliquit3

431 979 468 1039 dt
490 978 696 1058 percontabar,
721 979 787 1058 quia
810 977 919 1058 plantis
941 979 1049 1041 addere
1070 979 1149 1041 vires
1197 1015 1203 1028 ·

367 1088 414 1140 125
433 1087 598 1149 Consilium
619 1088 724 1150 iuerat.
767 1087 819 1150 Sio
841 1087 943 1167 pigros
966 1103 1098 1168 pungere
1121 1097 1248 1168 oportet,

430 1196 477 1270 Ut,
501 1215 574 1277 (quas
597 1197 736 1275 evigilare
759 1198 853 1270 datur,
876 1197 1070 1259 redeuntibus
1092 1197 1175 1258 horis

431 1306 558 1368 Solliciti
580 1315 709 1369 utantur.
753 1307 815 1368 Nos
837 1307 881 1368 ire
903 1307 1078 1386 crepuscula
1101 1308 1197 1369 nostis

431 1417 606 1495 Spectantes
627 1416 713 1488 ultra,
737 1425 878 1496 quantum
900 1417 1064 1496 precedere
1086 1416 1188 1498 quibat

431 1526 538 1588 Nostra
561 1524 651 1590 acies.
676 1535 777 1588 eontra
798 1527 896 1589 luoem
919 1524 974 1589 sub
996 1545 1121 1607 vespere
1143 1526 1296 1590 missam..

367 1641 415 1692 111
473 1635 550 1698 Eece
574 1643 672 1697 autern
695 1635 782 1698 nobis
804 1636 955 1717 paullatim
977 1653 1136 1700 ooeurrere
1158 1637 1258 1700 tomus

433 1745 468 1807 iit
489 1765 548 1806 nox
569 1746 725 1818 obscurus,
747 1764 844 1825 neque
867 1757 931 1808 erat
952 1745 1025 1806 ratio
1048 1744 1107 1808 ulia
1129 1747 1273 1827 locusque

431 1855 557 1926 Vitandi,
581 1855 666 1934 isque
690 1854 794 1918 oeulos
817 1855 905 1918 simui
928 1863 957 1918 et
979 1873 1087 1934 purum
1109 1863 1177 1918 aera
1200 1856 1320 1922 ademit.

918 2115 1002 2200 xvi.

431 2295 594 2357 Tartareus
615 2295 719 2373 nigror
740 2303 770 2357 et
790 2313 900 2358 saeuae
923 2311 1110 2375 quocumque
1131 2295 1250 2375 planeta

430 2404 565 2483 Paupere
587 2405 643 2468 sub
665 2405 750 2467 eoele
773 2405 879 2478 uentis,
903 2404 1028 2482 ealigine
1051 2405 1144 2468 densa

430 2515 578 2589 Quantum
600 2533 730 2594 unquam
751 2515 860 2594 potuit,
884 2514 928 2576 sio
951 2531 1052 2576 crasso
1074 2513 1185 2577 lumina
1207 2515 1272 2577 velo

431 2623 514 2685 Hand
536 2625 609 2686 mihi
632 2625 819 2704 compressit,
841 2624 886 2686 vis
908 2623 958 2686 iila
980 2631 1013 2686 ut
1034 2624 1128 2686 lurida
1151 2625 1235 2696 inrui,

396 2733 514 2807 50111
537 2751 593 2795 nos
614 2733 759 2806 textrini,
782 2751 880 2813 neque
901 2741 981 2796 texto
1004 2733 1145 2796 sensibus
1167 2753 1258 2814 aspro

431 2843 530 2922 Usque
552 2843 636 2914 adeo,
659 2850 693 2904 ut
713 2862 778 2905 mea
799 2844 878 2906 ferre
901 2844 980 2905 aries
1002 2843 1119 2906 reclusa
1139 2845 1287 2925 nequiret.

428 2952 539 3026 01111,
562 2952 613 3031 qui
635 2953 707 3013 mihi
730 2953 835 3016 duntur
858 2960 922 3015 erat
941 2953 1079 3034 fidusque
1102 2962 1255 3035 satusque,

429 3063 531 3124 Adfuit
551 3063 749 3142 apposnitqne
772 3063 937 3125 humerum.
981 3063 1019 3124 Ut
1039 3064 1083 3124 vir
1105 3073 1209 3143 eaptus
1232 3071 1360 3144 utroque

428 3173 553 3234 Lumine
575 3173 732 3234 dueentem
755 3173 899 3252 sequitur,
923 3192 961 3234 ns
984 3173 1085 3234 forsan
1106 3173 1233 3246 aberret,

380 3292 412 3344 1⁰
427 3283 486 3343 Aut
508 3282 670 3363 quidquem
690 3281 831 3344 edendae
843 3282 949 3344 damno
972 3283 1098 3346 exitione
1120 3283 1265 3346 totunm:

429 3392 479 3452 Sic
500 3397 556 3472 per
576 3392 739 3454 amaritiem
762 3410 798 3454 au
818 3409 873 3470 per
895 3393 1001 3454 sordes
1024 3393 1101 3454 aeris
1124 3392 1211 3466 ibam,

427 3500 505 3562 dure
528 3500 613 3564 dunis
635 3519 738 3564 vorem
760 3501 910 3580 accipiens
931 3501 1005 3563 mihi
1027 3501 1096 3564 talia
1118 3503 1225 3564 santis:

426 3611 485 3672 Fac
508 3627 621 3682 caveas,
644 3611 754 3672 nostris
777 3629 815 3671 ne
838 3610 908 3689 quid
930 3618 959 3672 te
982 3619 1102 3691 separet
1123 3610 1217 3674 ulnis!

468 3721 515 3781 die
537 3719 739 3800 percellebant
759 3739 858 3792 voces,
881 3697 1044 3800 pacemque
1067 3729 1172 3800 rogare

379 3837 409 3890 11
427 3829 521 3892 Verba
541 3828 726 3903 videbantur,
747 3829 940 3892 miserantem
963 3831 1053 3892 eorde
1075 3839 1196 3911 precata

426 3939 543 4016 egnum
565 3939 706 4012 divinum,
729 3940 779 4018 qui
801 3941 879 4002 tollit
901 3941 1023 4030 erimina
1043 3943 1157 4004 mundi.

427 4050 517 4110 Primi
540 4051 641 4130 dpnos
664 4049 791 4110 clamare
813 4049 879 4112 Dei.
924 4049 1004 4112 Haeo
1025 4051 1135 4114 deinde
1157 4051 1298 4116 omnibus
1320 4071 1380 4116 uua

427 4159 488 4220 Vox
511 4166 583 4231 erat,
607 4166 695 4237 atque
716 4177 777 4220 uno
800 4158 964 4222 reddebant
985 4159 1078 4223 missa
1099 4169 1213 4237 tenore,

427 4268 531 4330 Omnis
554 4276 586 4330 ut
607 4267 663 4328 hos
685 4267 765 4330 inter
786 4269 946 4330 eoncordia
968 4270 1062 4332 amita
1082 4279 1205 4350 pateret.

374 4390 409 4442 11
469 4378 604 4450 Quorum
625 4376 714 4438 verba
737 4385 852 4450 sonant,
876 4397 913 4439 an
937 4387 1007 4441 sunt
1028 4380 1196 4455 simulacra,
1219 4379 1384 4462 magister?

425 4487 506 4561 Dixi3
529 4494 575 4550 ast
595 4486 645 4548 iile
667 4487 758 4550 mihi:
782 4486 827 4548 Tu
848 4495 950 4552 derum
972 4490 1112 4571 percipis,
1135 4492 1249 4571 inquit3
