3362 5414
831 521 1003 576 attestato.

447 707 532 770 Tunc
553 723 608 786 ego
631 706 677 770 sic
698 707 801 788 coepi:
823 707 990 772 venerande
1012 715 1109 789 poeta,
1131 706 1260 772 libenter
1282 766 1290 779 ,

354 819 386 868 ts
403 809 483 884 lllos,
508 808 558 889 qni
579 809 693 889 pariter
713 815 794 872 tanta
815 809 931 872 levitate
953 810 1097 881 semotum

402 911 580 990 Alloquercr
600 909 742 990 paullum.
785 909 867 972 lllaro
889 911 935 974 sic
955 910 1011 974 ait:
1035 927 1106 990 crgo
1128 909 1236 981 videto,

405 1011 503 1085 Quum
526 1010 614 1072 nobis
635 1010 785 1074 volitando
808 1011 928 1092 quidem
950 1010 1061 1074 inerim
1081 1009 1251 1091 propiores,

404 1113 489 1174 Tunc
509 1111 577 1173 illos
598 1131 654 1192 per
675 1131 742 1174 eum
761 1113 882 1176 dulcem
903 1112 1047 1191 rogitabis
1069 1131 1211 1184 amorem,

405 1214 462 1287 Qui
484 1214 529 1276 sic
550 1213 606 1275 bos
627 1215 739 1294 pariter
758 1214 848 1276 binos
870 1215 1020 1288 conducit,
1043 1223 1074 1276 et
1094 1213 1138 1274 illi

403 1315 469 1376 lior
491 1315 619 1376 venient.
662 1316 754 1394 Igitur
775 1324 875 1395 persta
895 1315 1059 1394 vigilanter,

404 1417 561 1497 Quumque
583 1416 650 1478 illos
673 1416 761 1478 nobis
783 1428 887 1480 uentus
909 1416 981 1478 lacit
1001 1435 1070 1480 esse
1092 1413 1287 1496 propinquos,

354 1526 386 1577 80
403 1517 499 1580 Labra
520 1536 653 1592 movens,
676 1537 704 1590 o,
728 1517 935 1593 dic‚‘animae‚
958 1517 1067 1598 quibus
1089 1515 1173 1578 anxia
1195 1533 1262 1577 sors
1284 1524 1331 1578 est

402 1617 543 1680 Nostrum
565 1619 600 1681 ad
624 1619 815 1698 colloquium,
839 1620 920 1682 nullo
941 1618 1136 1699 probibente,
1154 1615 1263 1680 venite.

446 1720 604 1800 Quumque
625 1721 701 1782 baec
722 1719 873 1795 dixissem,
896 1720 999 1801 quales
1021 1719 1052 1780 in
1075 1736 1176 1782 amore
1197 1717 1360 1788 columbae,

403 1821 484 1894 Quas
507 1820 610 1883 dulces
633 1821 695 1882 nidi
718 1829 867 1894 reuocant,
890 1819 1086 1883 stridentibus
1107 1819 1172 1892 alis,

402 1922 467 1984 blox
490 1923 528 2010 ad
549 1941 606 1984 nos
628 1921 740 2002 pariter
760 1922 886 1985 volitant
907 1941 961 2002 per
982 1921 1071 1984 inane
1093 1920 1262 2000 malignum,

352 2028 384 2080 85
402 2023 531 2086 Tristem
554 2023 724 2102 linquentes
746 2023 854 2086 dictam
876 2043 893 2086 a
914 2022 1029 2086 Didone
1051 2021 1214 2084 cohortem.

403 2125 497 2187 Tanta
518 2125 576 2186 fnit
597 2125 708 2186 nostris
729 2125 774 2189 vis
797 2143 832 2188 ac
853 2123 1020 2186 substantia
1040 2122 1152 2187 uerbis.

403 2225 502 2305 Seque
525 2226 614 2288 simul
637 2225 755 2302 sistunt,
778 2245 903 2307 quarum
926 2226 970 2288 sic
992 2243 1051 2288 una
1073 2223 1173 2286 locuta
1196 2232 1257 2284 est:

446 2327 471 2389 0
494 2327 542 2388 cui
563 2328 655 2390 multa
677 2328 745 2390 data
768 2338 814 2390 est
835 2327 959 2390 coelesti
981 2325 1074 2405 gratia
1095 2325 1187 2397 dono,

338 2479 342 2487 .
403 2428 488 2508 Oque
509 2429 672 2506 benignum
694 2427 811 2502 animal,
835 2429 883 2490 cui
904 2435 1008 2490 nostra
1030 2425 1130 2488 videre
1151 2445 1208 2506 per
1229 2432 1325 2486 atrum

401 2531 477 2592 asra
500 2530 635 2592 collibuit
655 2529 732 2593 mala
753 2531 813 2594 lata
835 2536 1002 2609 statumque
1025 2528 1192 2608 profanum,

351 2635 384 2688 00
403 2631 529 2694 Vulnere
550 2631 714 2710 sanguineo
738 2631 789 2711 qui
811 2631 968 2712 pnlcbmm
992 2629 1133 2695 tinuimus
1156 2627 1268 2700 orbem,

400 2731 521 2796 Aeterni
543 2733 622 2812 regis
644 2732 671 2794 si
693 2741 722 2795 te
743 2751 902 2796 nossemus
925 2731 1063 2804 amicum,

402 2835 478 2896 Huic
498 2854 554 2916 pro
577 2852 651 2914 pace
673 2841 723 2897 tua
744 2834 886 2915 repetitas
906 2833 1129 2914 porrigeremus

400 2935 514 3016 Nempe
534 2955 652 3016 preces,
674 2944 796 2998 cosmae
818 2936 958 3016 quoniam
979 2932 1124 2996 miserere
1144 2931 1259 2994 ruinae.

400 3037 465 3112 Dic,
488 3037 560 3118 quid
581 3055 662 3100 nunc
682 3038 786 3100 andire
807 3037 890 3110 velis,
912 3045 943 3098 et
963 3035 1093 3098 themate
1115 3033 1171 3096 snb
1193 3052 1252 3115 quo

350 3141 383 3193 00
401 3139 575 3200 Sermonem
598 3138 680 3214 fieri3
702 3138 790 3200 nobis
812 3136 915 3199 audire
935 3135 1066 3218 placebit

399 3239 459 3302 Vos
481 3238 626 3320 vobisque
648 3239 741 3320 loqui,
763 3239 834 3302 dum
856 3238 901 3300 sic
923 3244 1011 3314 meet,
1032 3245 1064 3300 ut
1084 3237 1174 3300 modo
1196 3245 1313 3303 uentus.

441 3341 528 3416 Urbs,
550 3340 602 3404 ubi
623 3349 691 3404 uata
713 3341 765 3416 lui,
788 3350 834 3404 est
855 3340 913 3402 sita
933 3339 1031 3414 litore,
1054 3357 1111 3420 qua
1132 3338 1231 3400 Padus
1252 3339 1357 3416 ingens

398 3442 433 3505 ln
454 3462 536 3506 mare
557 3441 743 3524 praecipitat,
767 3443 826 3505 sibi
847 3444 932 3506 lirma
954 3440 1133 3523 sequacibus
1155 3447 1188 3502 ut
1207 3459 1266 3522 pax

334 3546 382 3596 ¹⁰⁰
399 3544 445 3606 Sit
465 3563 533 3606 cum
554 3542 701 3607 finitimis.
744 3545 837 3606 Amor
856 3545 946 3618 buno,
970 3543 1020 3624 qui
1041 3527 1144 3604 nobile
1167 3542 1263 3622 carpit

399 3645 459 3706 Cor
478 3643 620 3717 hominis,
643 3643 743 3706 subito
765 3663 874 3726 corpus
897 3646 968 3706 dum
990 3650 1126 3705 cerneret
1146 3643 1227 3717 illud,

399 3744 453 3806 Cui
475 3745 609 3826 subjecta
632 3745 685 3818 lui,
708 3746 816 3826 cuique
838 3746 937 3809 innata
958 3751 1098 3807 venustas

399 3845 450 3907 Sic
472 3849 559 3928 ηιμ)
580 3846 750 3926 prostravit,
772 3847 853 3928 cepit
872 3855 1048 3927 captumque
1068 3847 1205 3926 peremit,

398 3946 505 4026 Meque
527 3946 624 4022 simul,
647 3946 760 4028 pariter
780 3949 889 4010 lamam
910 3947 1056 4012 laedendo
1078 3947 1228 4022 decoram,

399 4047 482 4110 idem
503 4067 551 4110 mc
573 4050 662 4130 cepit,
686 4049 737 4130 qui
759 4050 833 4112 nulli
854 4050 950 4131 parcit
970 4058 1077 4120 amato,

397 4151 566 4230 duramque
587 4170 687 4214 mcum
708 4150 804 4231 tetigit
825 4152 870 4214 sic
891 4150 1015 4231 cuspide
1036 4158 1152 4231 pectus,

333 4270 381 4321 105
398 4251 436 4314 Ut
457 4271 522 4325 nos,
545 4259 576 4313 ut
597 4252 705 4326 cernis,
729 4273 849 4334 semper
869 4255 1027 4316 comitetur
1047 4259 1189 4314 amantes.

398 4353 455 4416 llic
476 4371 561 4416 amor
580 4353 713 4416 incestus
734 4362 860 4418 mortem
880 4353 1022 4418 conduxit
1043 4353 1080 4416 ad
1101 4368 1190 4438 unam

344 4573 769 4646 &mmmmmmu
