3362 5414
691 550 865 606 rmnrtrlo.
1354 573 1410 617 m

163 760 226 811 nae
262 733 460 810 comoediae
491 733 628 810 Latinae
657 761 720 831 ea,
760 761 825 834 qua
858 735 1028 830 convenit,
1070 738 1279 814 accuratione
1313 749 1411 836 atque

164 855 293 928 leutitia
319 865 353 928 et
374 854 604 928 constituenda
627 865 661 929 et
681 854 870 929 edomanda
891 865 1051 928 navamnt
1070 855 1237 952 insignem
1258 856 1323 930 duo
1347 858 1410 930 viri

162 972 376 1070 Lipsienses,
407 974 441 1045 in
466 972 583 1080 primis
610 973 730 1046 eruditi
756 973 984 1072 bonarumque
1008 973 1179 1047 literarum
1204 975 1410 1072 peritissimi,

163 1089 326 1164 Doctores
352 1091 581 1189 philosophiae
610 1089 788 1164 Eoueunus
824 1090 1024 1194 Bosuncnu,
1060 1092 1206 1188 privatus
1240 1093 1408 1168 Musarum

165 1210 284 1301 cultor,
312 1218 346 1282 et
368 1209 545 1282 Roonnrus
572 1208 776 1282 Gummcnus
801 1209 1001 1304 Fmrzscns,
1028 1210 1160 1284 scholae
1185 1209 1409 1286 Nicolaitanae

164 1327 349 1422 Adjuoctus
375 1326 418 1419 1.,
459 1351 561 1426 quos,
593 1352 637 1401 ne
667 1327 721 1402 cui
755 1327 903 1401 debitum
932 1327 1094 1400 honorem
1117 1328 1317 1404 subtraxisse
1344 1331 1409 1404 dici

163 1445 352 1543 possimus,
388 1443 429 1518 de
464 1467 548 1518 noro
581 1445 646 1520 hoc
679 1465 780 1544 opere
810 1446 934 1543 optime
962 1443 1099 1520 meritos
1132 1469 1226 1543 esse,
1264 1449 1409 1544 ingenue

163 1563 369 1660 profitemur.
465 1556 469 1564 ’
713 1577 716 1592 ’

240 1679 313 1752 Jam
335 1703 410 1752 eum
424 1679 491 1753 huc
507 1680 767 1778 pervenerimus,
783 1691 821 1755 ut
832 1679 917 1754 nihil
936 1690 1041 1754 restet
1061 1680 1126 1755 nisi
1141 1679 1205 1753 vita
1221 1678 1408 1778 Picenae,

165 1821 264 1896 quam
290 1796 424 1893 scripsit
456 1798 504 1871 cl.
530 1799 674 1894 Witte,
700 1799 842 1898 ipsique,
867 1796 994 1893 vicibus
1021 1798 1157 1872 editoris
1179 1800 1272 1898 quasi
1291 1825 1408 1875 secun·

165 1916 267 1990 dariis
301 1914 424 2008 suncti,
469 1917 622 1991 omnibus
662 1917 781 1990 officiis
821 1917 944 1990 nostris
986 1916 1187 2008 satisfecisse
1228 1919 1407 2015 videamur,

163 2033 229 2106 hoc
243 2049 348 2106 unum
370 2032 550 2132 adjungere
566 2034 675 2128 liceat,
701 2035 798 2108 nobis
820 2044 951 2132 praeter
973 2059 1135 2108 summam
1156 2036 1409 2112 oblectationem

164 2161 200 2224 et
221 2151 439 2249 voluptatem,
467 2177 566 2252 quam
596 2152 695 2250 hujus
721 2152 832 2249 operis
860 2176 939 2225 cura
967 2153 1093 2246 attulit,
1123 2177 1189 2226 non
1224 2154 1332 2228 visum
1365 2157 1408 2230 iri

164 2270 268 2342 ullum
287 2267 468 2365 jucundius
497 2295 616 2369 operae
644 2269 828 2370 praemium
853 2267 1003 2368 potuisse
1025 2269 1229 2368 contingere,
1257 2275 1408 2371 quamsi

164 2387 276 2466 studia
301 2386 383 2460 haec
402 2389 570 2488 plerisque
594 2390 748 2463 omnibus
770 2386 926 2488 probata
943 2387 1189 2488 divinaepoesi
1216 2400 1249 2464 et
1274 2391 1408 2490 optimis

164 2505 272 2578 literis
305 2504 448 2600 fructum
474 2508 616 2606 aliquem
637 2507 725 2585 ferre
746 2505 1014 2582 intellexerimus.

838 2889 948 2974 eurr.
983 2839 1174 2976 curros.
1208 2883 1355 2977 cartu.
