3282 5404
612 547 744 596 rrnlnrsr
765 549 840 598 xxiv.
1088 555 1090 560 ·
1234 550 1293 612 381

512 639 896 650 mm..
903 641 1342 652 -.--—-—--—--——.

230 760 428 840 Hieronymus
451 764 581 843 scripsit,
604 765 697 826 multo
720 774 788 828 ante
810 766 842 826 in
864 764 985 826 luminis
1008 784 1076 828 cras

181 871 214 926 35
231 870 338 932 Exisse
360 871 504 948 alligeros
528 882 558 935 et
580 876 697 937 saecula
719 877 812 955 lapsa,
835 876 1010 955 priusquam

230 981 286 1041 Hic
307 979 437 1042 mundus
459 983 552 1044 fieret
597 987 656 1046 Sed
678 1005 778 1046 verum
799 987 858 1046 hcc
879 985 998 1046 llamine
1021 985 1131 1048 Sancto

230 1091 314 1152 Multi
336 1093 455 1152 albente
471 1085 532 1153 'viri
553 1095 666 1172 passim
688 1096 835 1174 scripsere
857 1093 1031 1172 legendum3

231 1201 268 1262 El
290 1209 329 1273 tu,
354 1202 380 1262 si
401 1201 546 1280 inspicias
569 1204 662 1265 defixa
684 1213 791 1278 mente,
813 1204 939 1266 videbis.

231 1309 265 1371 ld
288 1330 405 1390 quaque
426 1312 580 1392 paulisper
601 1313 676 1374 ratic
698 1315 779 1376 videt
800 1314 874 1394 ipsa,
898 1320 1054 1392 negatque,

180 1419 215 1475 4ο
232 1421 304 1480 Tam
329 1439 464 1487 cessasse
486 1423 537 1484 diu
559 1431 690 1485 motcres
711 1425 740 1484 vi
762 1424 827 1484 sine
849 1423 947 1502 plena.

274 1531 341 1592 Scis
364 1531 463 1603 modo,
486 1531 536 1592 ubi
558 1532 678 1605 luerint,
702 1551 820 1612 quoque
842 1532 893 1593 isti
917 1540 1051 1611 tempere
1072 1533 1196 1596 Amores

230 1639 325 1713 Facti,
349 1659 468 1720 quoque
489 1642 589 1704 modo.
635 1643 685 1704 Sic
707 1643 805 1715 ardor,
827 1641 946 1722 triplice
968 1643 1085 1704 llamma

233 1749 290 1822 Qui
314 1750 454 1812 desiderii
477 1751 656 1825 stimulabat,
679 1753 803 1814 adurere
825 1751 931 1832 parcit.

230 1858 397 1921 Virunum
420 1879 580 1922 numerans
603 1863 703 1924 decies
726 1861 932 1940 duplicaveris,
957 1879 991 1922 ex
1015 1879 1073 1940 quc

180 1980 214 2034 45
231 1969 305 2030 Pars
328 1987 433 2048 magna
454 1971 603 2049 Aligerum
624 1971 752 2032 turbavit
771 1979 869 2032 vestra
893 1970 1016 2031 ferentis

233 2079 343 2142 Terrae
366 2079 511 2142 elementa
535 2089 644 2144 statum
665 2089 769 2142 totum.
813 2081 902 2144 Stetit
924 2080 1015 2141 altera
1037 2092 1066 2142 et
1088 2082 1164 2155 istis,

233 2189 313 2262 Quas
335 2197 368 2250 tu
389 2189 547 2264 discernis,
569 2199 629 2253 tem
651 2191 728 2252 laeta
751 2199 797 2252 est
818 2191 930 2252 artibus
952 2209 1031 2261 usa„

230 2298 269 2359 Ut
289 2298 477 2360 versabundc
500 2319 650 2380 nunquam
674 2301 808 2363 discedat
829 2301 865 2362 ab
890 2300 972 2360 orbe.

272 2409 390 2481 Fastus,
412 2409 496 2472 triste
517 2411 635 2484 malum,
659 2410 748 2483 illius,
772 2427 859 2489 quern
881 2409 1014 2489 pendere
1037 2428 1168 2472 summae

181 2523 214 2576 5⁰
230 2517 336 2580 Vidisti
358 2525 421 2578 totu
444 2536 657 2610 compressum,
680 2519 775 2599 prima
797 2519 900 2580 ruinae

232 2627 342 2690 Caussa
364 2629 429 2693 luit.
473 2629 555 2702 Quos
577 2630 626 2691 bic
649 2638 695 2691 est
716 2649 848 2702 cernere,
871 2627 962 2690 corde
983 2630 1119 2690 modeste

229 2738 272 2800 De
295 2757 328 2798 se
351 2747 517 2812 senserunt,
540 2740 623 2812 lassi,
646 2759 680 2802 se
702 2747 807 2802 cuncta
829 2740 940 2800 relerre

230 2847 398 2926 Indulgenti
420 2855 541 2928 accepta
563 2850 625 2911 Dec
647 2849 726 2910 buna
744 2857 823 2911 tanta
845 2847 967 2910 tuenda.

232 2958 330 3031 Quare
351 2959 458 3018 horum
480 2958 604 3021 intuitus
625 2960 778 3046 illustrans
801 2959 894 3037 gratia
916 2956 1021 3036 pensis

181 3067 213 3122 55
229 3067 333 3129 Erexit
353 3066 476 3141 meritis,
500 3068 572 3147 quin
593 3069 677 3147 ipsos
699 3069 782 3129 firma
804 3068 940 3127 voluntas

230 3176 386 3238 Destituat.
429 3177 504 3238 Nolo
526 3177 654 3249 dubitet,
678 3176 731 3238 sed
753 3183 852 3238 mente
875 3174 992 3236 tenebis

232 3287 326 3359 Certa,
350 3287 466 3366 parenti
489 3287 626 3360 stimulis,
650 3305 725 3366 quos
747 3285 840 3362 gratia
863 3283 973 3356 subdit,

230 3396 339 3474 lugeri
360 3395 509 3469 meritum,
530 3405 620 3477 prout
642 3415 693 3458 cor
714 3395 855 3474 expandit
875 3411 1016 3456 amorem.

271 3507 396 3586 Jamque
417 3507 475 3567 hcc
498 3507 534 3568 de
557 3515 644 3568 coetu
664 3505 786 3568 veniunt
806 3505 860 3567 tibi
881 3505 972 3566 multa
993 3504 1130 3582 videnda,

162 3621 214 3674 '6⁰
231 3615 263 3678 si
285 3634 351 3676 mea
373 3616 462 3677 verba
485 3616 569 3694 legis,
591 3618 672 3678 nullo
695 3615 853 3678 auxiliante
876 3616 1028 3694 magistro.

230 3729 267 3786 At
289 3725 429 3805 quoniam
451 3725 481 3785 in
503 3727 592 3788 terris
611 3733 727 3788 vestrae
750 3725 878 3786 docuere
899 3726 1047 3804 palestrae

230 3833 374 3896 dicturam
395 3834 566 3913 Angelicam
587 3835 697 3915 triplici
718 3835 825 3896 virtute
847 3834 954 3907 valere,

231 3943 352 4006 Scilicet
373 3944 451 4004 banc
472 3945 637 4024 intelligere
660 3953 689 4008 et
710 3943 882 4006 meminisse
905 3943 1050 4023 simulque

230 4052 320 4127 Velle,
343 4065 376 4115 ut
397 4073 568 4133 germanum
590 4054 690 4136 possis
713 4071 894 4132 cognoscere
914 4071 1026 4126 verum,

182 4167 214 4222 65
233 4162 319 4235 Quod
343 4163 420 4224 solet
441 4183 457 4224 a
478 4165 585 4225 vestris
607 4163 758 4236 conlundi,
783 4162 867 4242 queis
889 4163 966 4224 male
988 4162 1082 4224 cessit

231 4273 290 4334 lste
311 4273 389 4334 liber
409 4273 513 4349 lectus,
532 4275 617 4355 Juvat
636 4274 777 4336 ulteriora
798 4273 921 4354 prolari.

243 4409 244 4412 ¹
274 4383 312 4444 Ut
332 4383 425 4444 semel
446 4384 500 4446 bas
521 4384 597 4446 vitas
619 4384 742 4465 proprio
763 4384 843 4446 Deus
866 4401 917 4444 cre
939 4381 1045 4455 beavit,

231 4493 383 4573 Nusquam
405 4494 559 4556 devertunt
580 4494 684 4556 ocules
706 4493 740 4554 in
760 4492 888 4572 imagine
909 4493 994 4566 fines,
