3234 5396
611 529 746 579 conuulsi
763 529 811 580 vll.

117 619 365 632 mm...-

213 747 250 807 Et
270 745 383 826 pariter
403 746 508 826 procul
530 766 547 809 e
567 747 702 810 Paradisi
723 745 795 810 sede
815 747 901 810 beata

213 855 320 931 Pulsa3
340 874 397 920 nec
418 857 558 918 emissam
580 868 692 918 sortem
712 875 852 937 reparare
873 865 1007 937 potestas

213 965 290 1028 Huic
311 964 417 1039 luerat,
439 965 517 1028 bene
539 965 565 1028 si
586 967 733 1040 advenas,
755 968 870 1030 ratione
892 967 1018 1038 modove

215 1075 289 1150 UIlo,
311 1075 343 1136 ni
365 1075 430 1154 ipsa
451 1074 557 1136 vadum
579 1095 616 1138 ex
637 1075 704 1138 istis
725 1077 939 1138 transmitteret
957 1095 1067 1152 uuum3

165 1189 197 1244 85
212 1184 271 1252 tut
291 1185 371 1247 Deus
393 1184 551 1264 indulgens
573 1184 689 1265 culpam
713 1185 875 1248 dimitteret
897 1186 984 1250 istam

214 1293 312 1368 Solus,
335 1294 506 1365 uoluatura
529 1313 584 1355 suo
604 1295 751 1356 medicata
773 1296 868 1356 lurori

212 1405 322 1467 Vestra.
340 1411 430 1466 esset.
473 1405 562 1466 llodo
585 1412 617 1466 tu
639 1404 670 1466 in
691 1405 862 1467 barathmm
884 1405 980 1484 delige
1001 1407 1181 1487 protundum

214 1513 340 1576 Consilii
362 1521 476 1576 aeternr
496 1514 602 1588 meum,
625 1522 655 1577 et
675 1533 741 1594 mea
763 1515 870 1594 collige
892 1515 979 1586 dicta,

212 1624 388 1702 Intentaque
409 1625 470 1689 tuis
490 1642 548 1704 pro
568 1623 679 1686 viribus
701 1624 805 1704 accipe
825 1633 937 1687 mente.

167 1745 198 1799 uu
256 1731 415 1794 limitibus
436 1734 518 1796 finita
540 1734 603 1796 euie
625 1734 752 1796 humone
774 1749 916 1815 propago,

215 1843 266 1904 Sat
288 1842 386 1904 lacere
408 1843 487 1906 haud
508 1863 637 1924 unquam
657 1851 783 1925 poterat,
804 1857 875 1904 nam
897 1843 982 1924 copia
1005 1845 1108 1908 deerat

216 1952 311 2025 Quam
332 1953 486 2015 minimum
506 1954 632 2016 interius
654 1953 847 2026 descendere,
870 1953 902 2014 iu
924 1971 1013 2016 omne
1035 1956 1165 2020 futurum

214 2062 346 2142 Tempus
367 2061 510 2142 parendo,
534 2064 651 2142 quando
674 2081 707 2125 se
729 2061 834 2125 tollere
856 2062 1000 2138 inultum

216 2171 405 2253 obsequiosa
425 2172 647 2234 mimus-voluit.
690 2172 777 2234 Nunc
799 2189 911 2236 caussa*
925 2173 1047 2252 patebit,

168 2282 277 2345 950111
297 2282 399 2359 generi
421 2282 549 2344 hurmeno
572 2299 666 2344 noxae
687 2282 733 2344 vie
755 2280 855 2344 clausa
877 2281 1004 2362 pinetae
1026 2293 1081 2348 est.
1155 2321 1158 2330 ‚

215 2393 294 2470 Ergo
316 2391 380 2452 vias
402 2392 519 2472 operire
541 2411 610 2454 suas
633 2391 762 2454 coeleste
784 2409 909 2454 necesse

104 2473 107 2579 l
215 2502 331 2564 Numen
354 2511 425 2574 eret,
449 2500 586 2581 lapsique
607 2501 737 2563 hominis
760 2517 935 2564 succurrere
955 2502 1041 2578 ritae,

217 2612 334 2692 lntegra
355 2619 388 2674 ut
408 2611 478 2674 huic
499 2612 600 2686 fierctg
622 2611 669 2672 rie
690 2629 744 2672 seu
766 2611 843 2672 lorct
863 2610 945 2674 utilis
967 2631 1035 2686 une,

217 2722 286 2784 Sive
307 2720 440 2784 ambae..
463 2721 662 2802 limoniam
684 2727 765 2784 tento
784 2721 946 2802 jucundius
968 2741 1037 2786 esse

154 2847 200 2900 lto
216 2833 325 2894 Fertur
345 2834 458 2910 egentis
480 2850 567 2911 opus,
591 2838 699 2912 quento
721 2831 907 2894 manifestius
929 2832 1026 2913 empla

217 2943 323 3004 Eluoet
341 2941 461 3004 bonitus
483 2941 583 3004 cordis
604 2940 759 3004 benefacta
779 2941 923 3021 parentio,

217 3053 336 3114 Primus
357 3054 463 3124 Amor,⁴
479 3051 602 3132 propria
625 3051 676 3132 qui
698 3051 795 3130 signat
816 3052 943 3130 imagine
965 3053 1117 3126 mundum,

218 3163 255 3224 Ut
276 3182 329 3225 ros
352 3163 489 3239 erigeret,
510 3161 603 3224 uoluit
623 3177 800 3241 percurrere
822 3168 945 3223 cunctas

217 3274 287 3353 lpse
308 3272 379 3334 uias.
422 3272 485 3334 Nec
507 3290 574 3334 cum
595 3270 695 3332 veniel
716 3287 774 3330 nox
795 3271 897 3332 ultima
922 3271 1017 3343 terris,

154 3392 201 3446 loo
217 3384 280 3446 Nec
302 3400 368 3444 curn
391 3381 436 3442 sol
457 3381 585 3463 primum
608 3379 737 3451 emicuit,
759 3387 817 3441 tam
838 3381 954 3459 utrique
976 3379 1165 3460 profundum,

217 3495 281 3555 Nec
301 3501 360 3555 tam
382 3491 571 3570 magnificum
593 3490 710 3552 lacinus
732 3490 879 3569 fueritque
901 3491 1046 3572 loretque.

218 3603 293 3664 Nam
315 3619 473 3685 supremus
493 3602 587 3663 Amor
607 3619 674 3663 sese
696 3599 827 3680 largitus,
846 3607 879 3662 ut
901 3608 969 3681 apta
992 3609 998 3620 '
1062 3587 1069 3614 ³

218 3713 383 3791 Progenies
402 3711 530 3773 humana
551 3711 629 3773 leret
650 3729 717 3772 sese
739 3709 864 3788 erigere,
885 3711 967 3772 ultro

217 3823 343 3902 Largior
363 3829 417 3896 est,
440 3839 527 3902 quam
550 3821 576 3882 si
598 3819 681 3882 solus
703 3819 866 3882 dimitteret
884 3819 961 3899 ipse.
1057 3869 1059 3876 A

154 3946 203 3998 lle
218 3934 279 3996 Nec
302 3940 348 3996 sat
364 3932 498 4014 justitiae
520 3930 596 3993 ratio
619 3947 823 4010 quaecumque
845 3930 965 4012 luissetg

171 4065 174 4069 “
217 4044 325 4116 Altera,
349 4043 380 4104 ni
400 4043 481 4105 Deus
502 4042 568 4121 ipse
589 4042 652 4102 lleo
674 4047 841 4118 generatus,
863 4040 967 4102 Adami

218 4153 346 4214 indutus
364 4151 668 4230 camemingcnitum
690 4149 976 4232 decus‘objecisset.

260 4261 346 4324 Nunc
368 4279 469 4324 curam
490 4261 644 4341 expletura
666 4278 793 4334 omnem,
816 4260 958 4324 nonnulla
979 4268 1111 4323 revertor
1224 4281 1230 4290 ’
1272 4287 1276 4294 ·

217 4373 262 4436 tu
283 4373 348 4435 loca
370 4371 557 4444 declarantia,
579 4379 612 4432 ut
633 4369 675 4432 ili
696 4377 873 4461 tuncernere
894 4371 996 4450 possis
1050 4457 1054 4462 .

152 4485 201 4539 115
217 4484 283 4584 lion
306 4501 394 4545 secus
415 4489 504 4563 atquo
526 4497 581 4560 ego
604 4497 692 4542 nune.
735 4480 817 4544 llaec
836 4486 869 4542 tu
889 4487 1003 4566 uuum:
1019 4481 1102 4544 ‚tera
1123 4501 1223 4558 uerno,
