3362 5414
804 571 998 627 uenenorum
1015 573 1075 626 ttlt.

923 833 1011 917 iili·

475 1013 548 1076 Dion
569 1029 641 1092 ego,
664 1030 724 1092 quo
746 1011 834 1092 ooepi
855 1029 1002 1092 pergens,
1025 1011 1119 1075 multo
1142 1020 1210 1075 ante
1233 1012 1386 1092 praealtae

433 1124 530 1198 Quam
550 1141 666 1184 murum
687 1121 780 1184 turris
800 1121 925 1202 vestigia
948 1130 1051 1186 nostra
1073 1121 1218 1196 subirent,

431 1234 476 1295 Ad
498 1249 646 1294 summum
667 1239 787 1294 nosnos
809 1232 914 1294 oeulos
936 1231 1027 1294 iritse
1050 1247 1193 1296 cacumen

434 1342 480 1405 Ob
501 1342 615 1404 faculas
637 1340 787 1420 geminas,
812 1359 885 1421 quas
907 1341 979 1421 poni
1000 1341 1146 1416 uidimus,
1169 1349 1258 1423 atque

400 1451 676 1532 biiespondentem
697 1451 787 1512 aliam
809 1450 972 1532 longinqua
994 1452 1025 1514 in
1046 1463 1132 1532 parte
1153 1452 1290 1522 locatam,

432 1561 593 1635 indicium,
617 1561 696 1642 qnod
718 1561 767 1622 vis
788 1561 852 1624 soie
873 1579 1019 1642 usurpare
1041 1560 1176 1626 dabatur.

434 1643 638 1745 Quare‘illum
660 1688 834 1750 aggressus,
857 1671 943 1752 eujus
965 1671 1113 1751 sapientia
1136 1669 1266 1733 abundat

434 1780 495 1843 Ceu
517 1781 658 1860 pelagus,
681 1779 758 1842 dixi:
782 1779 861 1854 Quid
883 1781 945 1842 vuit
965 1781 1084 1843 damma
1106 1773 1281 1860 istai'quid
1303 1779 1352 1842 ilia

432 1888 772 1974 Respondetipquinam
794 1886 981 1968 attendere?
1001 1923 1043 1936 -
1065 1891 1215 1970 Loquelas

383 2011 415 2062 10
433 2000 487 2062 lile
509 1999 592 2062 dedit
615 1999 703 2061 tales:
726 2000 785 2061 Per
806 1999 929 2061 flumina
951 1999 1048 2062 lurida
1070 2018 1164 2063 eoeno

430 2111 497 2172 Jam
518 2107 572 2170 tibi
597 2110 746 2172 cernenda
768 2117 815 2170 est
836 2128 884 2172 res
907 2117 1091 2190 exspectata,
1113 2109 1204 2172 modo
1227 2109 1309 2172 illam

431 2218 498 2282 Non
520 2219 598 2280 oelet
618 2218 681 2280 limi
703 2235 830 2298 surgons
851 2237 945 2300 uapor
966 2233 1031 2282 ater
1051 2220 1083 2283 in
1105 2220 1206 2282 altum.

472 2329 560 2390 Haud
581 2345 711 2409 unquam
727 2327 844 2407 ‘repulit
864 2337 945 2392 tunm
966 2329 995 2392 ri
1017 2329 1108 2392 eorda
1131 2329 1278 2408 sagittam,

432 2439 516 2512 Quae
537 2438 612 2500 levis
634 2437 791 2518 oppositas
813 2439 960 2500 currendo
982 2439 1103 2502 raderet
1123 2457 1221 2512 auras,

384 2549 415 2604 lb
433 2549 471 2611 Ut
491 2538 614 2630 parvum
635 2547 696 2608 vidi
717 2565 772 2628 per
794 2566 886 2628 aquas
908 2567 965 2610 nos
986 2549 1110 2612 tendere
1134 2557 1237 2611 eonua

431 2657 604 2736 Navigium,
628 2657 764 2750 imperiis
786 2676 865 2721 uuus
888 2659 968 2738 quod
990 2666 1079 2722 nauta
1101 2659 1231 2738 regebat,

323 2841 335 2856 α
433 2767 493 2841 Qui
515 2767 560 2830 sie
581 2767 741 2830 olamabat:
766 2767 897 2840 Venisti,
920 2768 1019 2830 anima
1041 2769 1193 2849 improbe,
1217 2765 1360 2832 tondenti
1380 2803 1423 2816 -

434 2876 459 2939 0
482 2877 650 2951 Panaenus,
674 2876 843 2951 Panaenus,
866 2877 1066 2958 nequidquam
1088 2880 1147 2942 boo
1167 2887 1304 2960 tempore
1326 2880 1444 2950 obruas,

433 2986 601 3067 Respondit
622 2987 695 3049 mibi
718 2988 770 3068 qui
792 2987 891 3050 stabat
911 2988 1111 3070 dominusque
1133 3008 1305 3070 oomesque,

381 3111 416 3162 ut
432 3097 479 3158 Tu
500 3116 557 3160 nos
578 3097 741 3178 tantisper,
764 3097 834 3158 dum
857 3116 952 3159 ooeno
976 3098 1105 3172 eximus,
1128 3099 1264 3162 habebis.

433 3206 538 3281 Qualis
560 3206 612 3269 ubi
634 3207 734 3269 audita
757 3208 897 3270 damnum
919 3208 1061 3288 gravitate
1084 3209 1242 3272 molestum

431 3318 579 3397 Deceptus
602 3316 707 3390 discit,
728 3318 829 3397 paullo
851 3325 923 3399 pust
943 3316 1059 3382 indolet
1080 3318 1123 3380 ilii
1137 3339 1150 3380 ι·

432 3427 514 3488 Talis
537 3435 602 3489 erat
622 3425 774 3489 Puteanus
797 3428 923 3490 ooileeta
944 3427 1082 3490 turbidus
1104 3429 1168 3492 ira:

431 3538 497 3599 Dux
518 3537 653 3617 dymbum
674 3536 830 3616 ingressus
851 3557 900 3600 me
919 3538 1004 3620 juxta
1023 3539 1170 3602 aooeoere
1189 3537 1292 3621 jussit,
1337 3599 1339 3604 .

382 3647 414 3702 25
431 3648 528 3727 Atque
550 3665 588 3708 ea
606 3646 671 3708 visa
692 3646 750 3708 init
770 3666 819 3709 me
841 3655 956 3710 tantum
978 3657 1101 3711 onerata
1121 3657 1255 3730 recepto.

432 3757 493 3819 Sed
515 3756 641 3818 simulac
662 3756 761 3836 pressi
783 3757 913 3836 pandam
936 3775 1002 3820 oum
1024 3765 1090 3820 vate
1112 3759 1254 3832 sannam,

430 3866 525 3927 Prora
547 3865 668 3946 antiqua
690 3883 796 3928 seoaus
818 3866 886 3946 plus
908 3867 1042 3929 fluminis
1065 3867 1127 3930 ibat
1148 3868 1263 3949 aquosi,

433 3975 530 4048 Quam
552 3975 630 4038 solet
651 3995 687 4038 ex
709 3993 777 4055 quo·
790 3975 927 4038 homines
949 3984 1132 4058 transportat
1153 3987 1228 4040 tetra
1250 3980 1371 4041 tinente.

432 4085 546 4146 Mortua
569 4085 639 4147 dum
660 4085 738 4162 nigri
760 4085 857 4164 stagni
878 4087 950 4148 rada
974 4088 1140 4163 ourrimus,
1164 4107 1243 4162 eece,

382 4198 417 4250 3⁰
433 4193 572 4255 Oeourrit
593 4193 719 4274 quidam.
735 4202 896 4275 ooopertus
918 4196 1022 4271 sorde,
1045 4199 1185 4279 fimoque,

433 4304 528 4383 Atque
550 4303 607 4364 ait:
631 4303 657 4365 0
680 4305 747 4384 quis
770 4323 819 4377 es,
843 4313 911 4368 ante
934 4306 1014 4369 diem
1036 4307 1087 4387 qui
1109 4311 1168 4372 bue
1191 4305 1337 4378 aduenis?
1358 4307 1414 4369 iili·

434 4412 485 4475 Sio
507 4431 578 4492 ego:
602 4413 634 4476 Si
657 4414 791 4489 advenio,
814 4415 893 4476 baud
915 4435 1039 4478 maneo:
1064 4425 1212 4499 atquem,
1237 4419 1277 4480 ita
1297 4417 1424 4498 turpiter
1445 4433 1493 4478 ora

432 4523 623 4604 Membraque
645 4525 797 4599 foedatae,
819 4534 849 4587 te
872 4522 972 4586 dicis?
994 4527 1117 4589 Talibus
1139 4528 1203 4590 iiie:
