3236 5394
572 563 765 616 tuttubottutt
783 565 840 616 xtt.

211 785 327 849 Glutiue
349 793 517 848 restaurare
539 792 635 857 retes,
658 783 744 863 queis
764 783 897 844 membre
919 783 1069 857 fatiscunt,

165 903 194 956 tt
210 897 375 976 Tempore,
399 913 457 974 quo
479 901 631 974 nequeunt
651 893 774 972 pelagus
794 899 910 954 tentare
930 901 1117 972 protervum,

209 1006 327 1085 Proque
348 1003 452 1066 labore
471 1002 536 1064 riae
558 1002 772 1072 navem-struit
792 1001 849 1063 iste
870 1002 1026 1074 sorellam,

210 1115 263 1177 llle
283 1122 456 1195 peragratas
478 1113 598 1192 longum
619 1110 692 1174 vado
715 1111 832 1172 caerula
854 1110 974 1190 cymbae

212 1224 337 1286 obenan
359 1230 476 1295 wstas,
496 1237 617 1302 proram
639 1217 688 1282 ille
709 1219 887 1300 repercutit,
909 1220 961 1281 ille

210 1333 354 1414 Puppim,
375 1351 476 1394 remos
498 1330 549 1392 ille
568 1329 663 1420 polit,
686 1337 769 1392 tenet
789 1329 846 1392 iste
867 1329 1017 1402 rudentes,

166 1443 279 1507 revela
300 1442 415 1503 minore
437 1439 533 1513 alius,
555 1440 727 1520 majoraque
750 1438 873 1500 carbasa
895 1438 1000 1501 sarcit:

211 1552 275 1625 Sic,
298 1569 359 1612 non
380 1549 581 1622 nidummae,
606 1547 704 1610 divina
726 1557 758 1610 at
777 1547 909 1610 numinis
931 1555 995 1610 arto

210 1661 275 1722 Illic
296 1659 434 1722 terrebat.
447 1659 499 1740 pix
520 1658 612 1722 densa
633 1667 723 1738 atque
744 1657 876 1738 undique
897 1657 994 1738 ripam

211 1769 418 1850 conspergens
440 1767 532 1830 visco.
575 1767 659 1828 llanc
679 1767 764 1848 potui
785 1767 874 1830 modo
897 1783 1040 1843 cernere,
1061 1766 1091 1830 in
1113 1768 1171 1830 illa

209 1879 275 1941 Non
296 1878 395 1968 potui,
418 1885 539 1958 praeter
559 1895 695 1956 spumas,
719 1895 787 1939 uma
807 1876 922 1955 turgida
946 1877 983 1940 ab
1005 1885 1089 1940 sesan

162 2004 195 2056 tt
210 1989 285 2050 'lota
307 1987 496 2065 insurgebat,
518 1986 616 2048 donec
637 2004 808 2067 compressa
830 1987 957 2048 sederet

251 2099 315 2161 lloe
337 2116 392 2176 ego
414 2097 444 2160 in
467 2097 572 2159 obtutu
593 2115 660 2188 cum
674 2072 795 2158 lumina
815 2097 873 2158 lixa
893 2103 1034 2169 tenerem,

211 2209 288 2270 llus:
312 2209 439 2280 Caesae,
463 2203 583 2268 caveasl
606 2205 718 2286 inquit,
740 2221 847 2284 meque
869 2204 938 2268 inde
958 2206 1091 2279 retraxit,

210 2318 267 2380 Pes
288 2315 340 2380 uhi
362 2315 546 2378 constiterat
576 2313 666 2388 ‚Tum
686 2313 760 2377 verti
781 2314 893 2378 lumina
914 2326 1005 2390 retro,

210 2427 276 2488 Non
298 2443 386 2489 secus
407 2441 443 2487 so
465 2423 523 2486 sibi
546 2424 597 2504 qni
619 2441 687 2486 sero
709 2423 820 2486 vidisse
841 2424 958 2486 ridetur

163 2549 195 2602 aa
212 2536 295 2609 Quae
316 2534 398 2596 norit
418 2534 571 2613 bagienda,
596 2534 686 2608 timor,
705 2533 753 2594 cui
774 2533 912 2614 protinus
932 2542 1015 2598 artus

210 2645 365 2717 Debilitat,
390 2662 477 2724 quem
497 2644 561 2706 visa
583 2645 669 2722 rugas
691 2643 762 2705 dare
785 2652 866 2722 terga
886 2651 1053 2708 morantem

107 2813 108 2818 ,
209 2756 276 2817 Non
297 2753 430 2827 laciunte
453 2762 574 2834 etpost
594 2751 695 2832 asperi
717 2753 868 2816 basmona
889 2754 1005 2834 nigrum

211 2866 331 2927 Summa
353 2863 563 2934 ascendentem
584 2862 700 2942 scopuli
723 2863 842 2942 lastigie
864 2881 953 2927 cursu

209 2976 364 3054 Praepete.
406 2973 553 3056 llt,‚heu,
577 2980 720 3052 quantum
740 2972 867 3035 feritatis
889 2974 921 3034 iu
942 2991 995 3036 ore
1016 2973 1148 3036 ferebat!

163 3093 195 3144 tc
212 3084 306 3158 Quam
328 3082 402 3144 mibi
422 3083 505 3144 risus
527 3089 591 3144 erat
611 3081 698 3144 luriis
720 3082 846 3162 agitatus
869 3083 994 3157 acerbis,
1038 3101 1041 3108 ’

211 3193 387 3273 Expendens
409 3191 488 3266 alas,
511 3200 541 3255 et
561 3192 609 3254 rix
628 3203 753 3272 tangens
774 3193 851 3272 pedo
872 3191 996 3255 terraml
1022 3227 1027 3240 ·

210 3303 275 3365 Alte
297 3309 501 3380 assurgentem
522 3301 593 3364 huic
612 3302 783 3373 humerum,
806 3300 857 3380 qni
881 3308 946 3362 erat
966 3319 1068 3381 asper,
1092 3309 1206 3376 sentus,

211 3415 372 3476 Damnatus
394 3411 514 3492 quidam
535 3410 619 3474 coxis
641 3410 783 3472 onerabat
803 3410 947 3490 ubisque,
1242 3411 1244 3416 ’

210 3523 299 3602 leque
320 3522 430 3602 pedum
450 3520 521 3582 huic
541 3537 663 3583 nemum
684 3519 843 3582 violentius
864 3537 962 3599 ungue
983 3519 1112 3582 tenebat.

164 3636 196 3691 85
252 3631 355 3694 Nostri
376 3630 517 3694 custodes
538 3631 653 3711 pontis,
677 3629 753 3690 sooii
774 3629 922 3709 unguibus
944 3647 1037 3702 acres,

213 3741 364 3804 Clamabat
384 3739 504 3821 procul,
527 3757 597 3801 eccs
619 3738 670 3801 bie
691 3758 707 3799 e
729 3738 900 3802 senioribus
921 3757 998 3802 unus

211 3851 253 3912 De
276 3851 391 3912 Ssucrs
412 3851 498 3912 Zara:
521 3857 639 3910 sontem
660 3848 835 3928 supponite,
858 3856 928 3929 post
948 3849 1028 3910 buno

212 3959 378 4022 Prensurus
399 3959 532 4039 reliquos
553 3976 621 4020 mox
642 3957 710 4038 ipse
730 3965 863 4020 revertor
884 3959 922 4020 ad
943 3958 1024 4019 illarn

212 4069 348 4142 Terram,
370 4068 418 4130 bis
438 4066 595 4146 magnilica
615 4067 810 4148 popularibus
831 4077 1012 4130 exornatam

165 4189 197 4242 tc
213 4179 347 4259 Quisque
370 4177 494 4250 etenim,
516 4184 640 4256 excepto
662 4175 818 4251 Beneuen,
842 4185 890 4240 est
909 4173 1011 4240 lallare
1033 4177 1154 4240 doetus:

212 4287 345 4368 Namque
366 4305 422 4368 per
441 4287 519 4348 banc
540 4285 662 4348 minime
683 4289 717 4350 lit
737 4285 879 4360 maxime,
901 4287 952 4350 ubi
974 4287 1100 4368 imperet
1120 4303 1233 4352 aunam.

211 4399 306 4478 Atque
328 4396 427 4458 isthuc
448 4396 576 4477 projecit
596 4415 678 4469 oum,
700 4413 813 4477 perque
834 4397 925 4460 ardua
947 4397 1013 4460 duri

212 4506 307 4570 Flexit
327 4506 385 4568 iter
405 4506 537 4586 scopuli,
559 4523 616 4568 noc
638 4506 758 4586 dempto
780 4508 850 4570 lune
872 4508 1022 4570 molossus
