3214 5400
360 781 393 836 50
409 771 506 850 thue
526 789 631 849 perum
654 769 773 848 irrepsit
792 769 907 850 jubaris
930 769 1056 832 claustra
1078 769 1181 831 intima
1203 770 1302 833 acerbi

345 547 406 613 128
752 549 944 600 rnrcnnonuu
962 549 1063 599 xrxur.
1498 501 1519 777 ,Ι

1516 782 1518 807 ,

1516 887 1519 912 t

412 879 559 952 Carceris,
583 879 806 958 inspiciensque
828 898 928 941 meum
949 898 1003 958 per
1025 887 1163 959 quattuor
1184 899 1236 942 ora

410 989 482 1066 Legi
504 989 569 1068 ipsc
592 1008 642 1061 os,
665 989 781 1063 ambas,
805 998 962 1068 superante
985 989 1102 1063 dolore,
1125 990 1271 1050 momordi

349 1183 351 1188 Ι
409 1100 503 1160 Dente
524 1117 644 1160 manus:
667 1098 724 1173 ilii,
748 1100 777 1160 id
800 1099 941 1160 suadente
965 1099 1102 1178 cupidine
1126 1100 1233 1182 edepdi

410 1211 455 1270 bie
478 1209 585 1270 fecisse
609 1207 677 1281 rati,
701 1209 730 1268 in
752 1208 878 1287 pedibus
902 1208 1001 1270 subito
1023 1217 1089 1271 ante
1112 1217 1228 1280 stetere,

360 1318 577 1380 consectati:
603 1316 627 1378 0
651 1318 780 1395 genitor,
803 1319 896 1380 multo
918 1320 1017 1380 minus
1039 1338 1145 1397 aspera
1168 1319 1254 1380 nobis

410 1429 510 1490 Poena
532 1429 623 1500 toret,
647 1427 732 1488 nobis
756 1428 781 1488 si
803 1446 938 1490 vescere:
963 1427 1100 1490 carnibus
1123 1436 1202 1490 artus

410 1537 473 1598 Hos
495 1545 526 1599 tu
547 1537 661 1598 vestisti
683 1538 825 1610 miseros,
849 1546 880 1599 tu
902 1537 957 1598 bos
980 1557 1063 1601 exne.
1107 1539 1203 1604 Motus

412 1647 495 1709 Tunc
517 1663 572 1724 ego
596 1647 766 1726 composui,
790 1665 827 1708 ne
848 1663 985 1723 urgerem
1006 1648 1120 1726 tristius
1143 1649 1241 1728 ipsos:

410 1757 463 1818 1115
486 1757 600 1836 aliaque
624 1757 671 1818 die
693 1757 765 1818 muti
789 1775 902 1818 omnes.
947 1757 1067 1819 Qmihi
1089 1758 1162 1819 dura
1243 1824 1247 1843 Ι

359 1878 393 1930 60
411 1868 502 1928 Terra
525 1865 629 1928 nimis!
654 1885 707 1928 cur
728 1886 788 1954 nou
810 1867 964 1946 patefactis
986 1867 1120 1929 saucibus
1143 1869 1234 1930 imum

409 1977 542 2038 Pandisti
564 1975 757 2039 barathrum?
779 1977 888 2049 Quarta
909 1976 1052 2038 redeunte
1074 1977 1133 2038 diei
1233 1956 1237 1962 ³

409 2087 504 2159 Luce,
527 2087 599 2148 mihi
621 2087 802 2166 antepedes
824 2094 965 2165 protenso
989 2104 1115 2166 corpore
1138 2084 1254 2148 Connus

410 2196 589 2269 Procubuit,
614 2197 759 2276 dixitque:
783 2197 870 2258 Pater
891 2197 946 2269 mi,
970 2215 1023 2258 cur
1044 2205 1093 2258 tua
1116 2206 1233 2259 cessant

409 2305 544 2369 Auxilia?
565 2307 735 2386 Effuditque
757 2305 884 2368 animam
905 2306 969 2380 hic3
992 2313 1035 2379 et,
1059 2314 1091 2368 nt
1112 2307 1177 2386 ipse
1197 2307 1303 2376 videre,

360 2416 455 2479 55115
477 2424 577 2494 potes,
601 2416 650 2476 hic
671 2417 730 2478 vidi
753 2435 824 2478 casu
846 2416 901 2478 tria
923 2416 1038 2492 singula
1061 2417 1165 2478 eodem

411 2525 548 2598 Quintam
570 2526 646 2586 intra
669 2534 838 2606 sextamque
860 2527 938 2587 diem
962 2526 1107 2587 cecidisse
1129 2541 1261 2588 meorum

411 2636 542 2714 Corpora
564 2643 699 2696 natorum
721 2637 908 2714 exspirantis.
953 2635 1050 2708 Quare
1073 2655 1128 2714 ego
1151 2653 1259 2698 coecus

411 2745 565 2824 Quemque
588 2764 677 2823 supra
699 2745 820 2806 incubui
842 2753 977 2824 reptans,
1001 2754 1029 2806 et
1052 2763 1199 2824 quemque
1221 2746 1323 2810 vocavi

410 2855 502 2916 Binos
524 2873 621 2933 nsque
644 2854 707 2915 dies
730 2862 807 2916 totos
829 2863 898 2934 post
919 2856 1032 2916 funera.
1076 2855 1208 2917 Tandem

360 2975 393 3026 7⁰
410 2965 481 3026 Plus
503 2965 599 3044 potuit
617 2964 720 3044 jejuna
741 2966 850 3038 samos,
874 2984 962 3044 quam
983 2965 1096 3044 patrius
1119 2982 1220 3041 angor.

452 3073 531 3136 Haec
552 3075 604 3136 ubi
627 3075 703 3136 dicta
725 3075 821 3148 dedit,
844 3083 1043 3154 contorquens
1066 3074 1192 3148 lumina,
1215 3093 1319 3137 rursus
1360 3114 1367 3128 ·

411 3185 560 3263 Corripuit
580 3185 722 3245 miserum
745 3192 846 3263 caput,
869 3185 996 3246 haerens
1021 3185 1158 3246 dentibus
1181 3185 1260 3245 ossis

411 3295 519 3355 Contra
539 3294 598 3355 vim
619 3294 738 3366 validiS,
761 3294 840 3355 velut
862 3313 960 3355 escam
981 3295 1112 3354 inhiante
1133 3294 1276 3355 molnssn.

453 3403 478 3464 Q
500 3404 600 3477 Pisae,
624 3423 641 3464 c
664 3405 769 3480 ingens
791 3405 969 3482 populorum
990 3404 1123 3476 infamia,
1148 3411 1292 3484 quotquot
1390 3449 1391 3458 ,

360 3522 393 3575 75
410 3514 537 3576 Pulchra
560 3513 624 3586 alit,
648 3530 682 3574 ec
704 3514 809 3592 recipit
830 3513 933 3586 tellus,
957 3515 1008 3576 ubi
1031 3522 1134 3575 cuncta
1155 3533 1210 3593 per
1232 3533 1283 3576 nra

412 3623 446 3706 Si
465 3631 598 3697 resonat3
622 3624 761 3702 quoniam
782 3631 840 3684 tam
861 3623 933 3684 lenti
954 3641 1078 3703 poscere
1101 3643 1212 3702 poenas

410 3733 503 3794 Vicini
526 3741 656 3805 cessant,
680 3734 774 3812 ruptis
797 3732 933 3812 Capraria
954 3733 1068 3805 vincliS,

409 3844 504 3924 Atque
525 3843 603 3918 Urgo
626 3844 804 3922 irrumpant,
818 3841 944 3923 'quaque
965 3843 1081 3906 undans
1102 3844 1225 3922 profluit
1244 3845 1353 3918 Arnus,

411 3951 560 4034 Objiciant
581 3972 698 4032 sepem,
722 3954 899 4031 exspatiatus
921 3953 1080 4014 utobmat
1101 3972 1214 4014 omnes

359 4077 393 4130 8⁰
411 4062 498 4134 Quod
521 4063 546 4123 si
571 4063 726 4124 Uuncmuu
749 4065 886 4125 comitem
907 4071 969 4124 tum
992 4063 1067 4124 tama
1091 4063 1203 4124 serebat

410 4172 535 4234 Arcibus
559 4191 626 4234 esse
648 4174 707 4234 tuis
730 4174 784 4235 sub
807 4173 974 4252 proditione
996 4173 1130 4251 potitum,

412 4283 530 4344 Saevire
551 4283 582 4343 in
604 4291 690 4344 natos
714 4302 858 4363 quaenam
880 4291 908 4344 te
932 4301 1037 4344 caussa
1058 4277 1201 4363 jubebat?

412 4392 488 4464 Quid
510 4400 622 4454 tantum
643 4412 779 4455 meruere
800 4394 987 4468 Ucnucunns,
1011 4402 1098 4472 atque
1119 4394 1259 4466 Boream,

412 4502 554 4580 Quosque
576 4502 650 4564 alios
674 4501 791 4564 cecini?
813 4503 950 4565 insontes
973 4523 1048 4565 nora
1071 4504 1182 4566 fecerat
1204 4511 1294 4577 aetas,
