3236 5394
663 566 856 618 turbauerunt
874 569 911 617 tx.

289 785 431 866 Quaeque
454 784 511 847 sibi
535 803 632 863 ungue
654 785 753 848 sinum
775 785 886 866 pariter
898 785 1037 874 ¹laniabat
1059 795 1089 848 ct
1110 805 1172 846 era.

235 901 269 953 td
287 895 398 956 Palmis
420 913 581 974 percussae
604 895 784 956 elamoribus
810 894 958 956 adsiluere

288 1004 425 1080 Talibus,
449 1013 481 1066 ut
503 1022 639 1083 premere
662 1005 698 1066 ad
720 1012 825 1085 pectus
847 1003 921 1064 mibi
944 1004 1073 1066 suaserit
1094 1005 1198 1084 ingens

288 1107 399 1170 Terror
420 1109 585 1174 ductorem.
608 1147 649 1159 -
671 1113 766 1176 Simul
788 1114 886 1174 omnis
908 1113 994 1174 turba
1017 1133 1171 1176 sororum:

287 1219 430 1281 Adveniat
452 1221 589 1294 Gesner,
613 1223 672 1294 sie,
695 1223 740 1284 sic
762 1223 913 1284 immobile
936 1229 1048 1286 saxum*

286 1327 371 1390 Hune
393 1330 552 1404 iaciemus,
576 1332 618 1394 ait
638 1333 816 1412 despectans
839 1333 940 1394 infima
962 1333 1100 1396 claustra.
1151 1305 1157 1316 ’

228 1449 269 1502 do
287 1437 406 1500 Tassat
429 1449 609 1520 pugnantem
633 1450 737 1504 contra
759 1441 836 1502 male
857 1461 917 1502 nnn
940 1461 1043 1504 sumus
1069 1443 1148 1504 ultae

286 1547 344 1608 Pro
368 1549 457 1610 iacto.
480 1583 519 1594 -
544 1553 649 1613 Averte
672 1571 722 1624 ns,
746 1559 776 1612 et
797 1552 863 1624 inc,
886 1559 935 1612 tua
958 1551 1069 1614 lumina
1092 1553 1190 1613 clausa

286 1658 463 1732 Contineas3
486 1679 539 1722 sua
562 1679 629 1722 nam
652 1661 678 1722 si
701 1661 867 1723 ostenderit
889 1680 939 1722 ora
962 1660 1093 1733 biennes,

284 1771 325 1828 Ac
347 1776 379 1828 tu
400 1769 561 1849 spectaris,
585 1771 718 1850 Superos
741 1769 796 1831 tibi
818 1770 897 1832 nuila
919 1770 1041 1850 petendi

284 1875 376 1957 Copia
400 1877 430 1939 in
453 1889 606 1942 aeternum
628 1880 756 1942 dabitur.
799 1879 894 1940 Verba
916 1880 973 1948 ista
994 1881 1137 1958 magister

234 1993 267 2047 55
283 1985 395 2061 Edere,
419 1995 449 2050 et
469 1988 536 2069 ipse
558 1989 631 2051 mibi
655 1989 735 2052 visus
758 1998 906 2062 avertere,
929 2007 986 2050 nec
1008 1999 1056 2050 sat

284 2095 450 2160 confidisse
472 2118 552 2172 mea,
576 2099 697 2180 propria
719 2099 750 2160 ni
771 2101 916 2160 conderet
937 2099 1002 2178 ipse

282 2205 408 2268 Lumina
430 2217 531 2270 nostra
554 2227 654 2270 manu.
698 2209 756 2271 Vos
779 2231 812 2279 n,
836 2208 920 2290 queis
943 2225 1015 2270 sana
1037 2210 1199 2289 rigensque

281 2315 365 2378 Mens
388 2325 447 2391 est,
471 2318 598 2399 accipite
620 2319 694 2380 baec
716 2318 823 2379 animis
846 2317 986 2380 discenda
1007 2319 1162 2398 pudenter,

284 2427 366 2500 Quae
388 2425 511 2489 veniunt
531 2429 596 2488 vele
619 2447 810 2490 numerorum
833 2428 948 2488 obtecta
971 2445 1126 2490 noverum.

232 2547 265 2598 tto
280 2537 405 2616 Jamque
426 2537 648 2618 propinquabat
667 2557 722 2618 per
744 2537 900 2615 caligantia
922 2548 1024 2616 stagna

281 2645 464 2710 Herrisnnus
488 2649 602 2726 fragor,
626 2666 642 2709 a
665 2666 723 2727 qun
746 2647 804 2708 late
828 2655 914 2726 atque
938 2648 1055 2710 eminus
1078 2647 1181 2709 ambae

282 2755 494 2819 Contremuere
517 2776 604 2830 nree3
627 2757 717 2822 veluti
740 2757 766 2818 si
788 2775 918 2836 unquam
941 2757 1052 2836 ingruit
1074 2765 1158 2818 aestu

280 2866 391 2928 Ventus
414 2867 451 2928 ab
473 2867 613 2938 adverso,
637 2867 688 2948 qui
709 2885 855 2947 praeceps
878 2866 987 2946 impete
1009 2883 1116 2946 magno

280 2975 384 3048 lrruit,
408 2989 495 3058 atque
519 2977 588 3038 ierit
609 2976 712 3038 silvam
734 2995 893 3056 ramosque
915 2975 1039 3048 revellit

230 3099 263 3152 65
281 3085 407 3166 Prcjicit
428 3087 625 3167 abreptusac
647 3085 789 3167 dissipat,
813 3086 894 3166 itque
916 3085 1065 3166 superbus

280 3195 453 3258 Pulveream
475 3197 584 3258 nubem
605 3195 741 3269 volvens,
765 3205 928 3274 gentesque
950 3196 1079 3256 terarum

280 3305 479 3386 Pastoresque
501 3323 665 3387 gregesque
688 3307 756 3384 fuga
778 3304 925 3384 dispergit
945 3304 1073 3385 agitque.

323 3416 399 3476 Tum
420 3415 462 3476 mi
485 3413 588 3477 oculos
610 3414 700 3476 solvit
721 3414 868 3494 dixitque:
892 3413 957 3475 Huc
978 3413 1073 3491 dirige
1095 3412 1187 3474 robur

279 3525 382 3597 Visus,
406 3545 463 3606 qua
486 3525 586 3587 cernis
607 3523 722 3606 spumis
745 3542 904 3586 canescere
926 3524 1034 3584 fluctus

228 3651 262 3704 7⁰
278 3635 365 3708 illue,
389 3635 488 3697 tumus
510 3635 562 3696 nbi
584 3636 725 3698 densatus
748 3634 886 3696 acerbius
906 3640 1001 3711 urget.

321 3747 380 3807 Ceu
404 3753 472 3807 ante
495 3745 636 3808 infestum
659 3745 830 3825 chelydmm
851 3743 940 3822 lnngc
964 3741 1080 3821 agmine
1102 3757 1192 3802 ranae

276 3854 446 3916 Vanescunt
468 3873 522 3934 per
543 3875 636 3936 aquas
658 3865 797 3928 cunctae,
821 3855 889 3916 dum
913 3871 1048 3934 quaeque
1070 3859 1187 3930 reperta

277 3964 376 4044 Stipat
397 3983 429 4026 se
451 3973 546 4026 terra:
569 3965 614 4026 sic
635 3966 703 4044 plus
726 3984 815 4045 quam
837 3962 930 4024 millia
951 3962 1011 4024 vidi

277 4074 453 4136 Umbrarum
474 4075 614 4136 extremis
636 4074 824 4136 moeroribus
846 4091 1016 4134 eversarum

226 4195 258 4247 ⁷5
275 4184 425 4264 Diffugere
448 4192 515 4246 ante
538 4184 652 4258 virum,
676 4183 757 4246 sicco
779 4184 856 4264 pede
879 4182 929 4262 qui
952 4181 1030 4243 ustia
1052 4189 1176 4262 propter

275 4294 397 4356 Flumen
420 4294 568 4357 transibat
589 4295 730 4358 Srrcrun.
772 4291 954 4354 Removebat
975 4292 1011 4352 ab
1036 4311 1087 4352 ore

274 4407 349 4466 Aera
373 4412 546 4467 concretum
554 4450 567 4496 ,ἵ
585 4404 785 4495 praetendens
807 4379 1089 4483 saepe'sinistram3

275 4514 333 4586 Qui
355 4521 419 4575 tum
440 4514 523 4576 visus
546 4523 610 4574 erat
630 4521 745 4576 tantam
766 4513 895 4574 lassatus
917 4511 954 4574 ab
978 4519 1071 4574 aestu.

1402 2069 1405 2125 i

1250 2149 1261 2164 ’

1241 4609 1279 4661 3*
