3214 5400
340 506 398 568 176
780 507 963 560 Puuutroun
982 507 1020 558 tt.

402 725 469 789 Non
490 727 570 790 veuit
591 727 621 790 in
644 735 781 800 mentem,
805 744 861 788 nos
884 745 1000 790 vermes
1022 725 1132 804 degere
1154 736 1240 790 natos

402 836 535 926 Angeliei
557 835 644 899 nobis
666 837 792 898 formam
815 837 903 898 edere
924 836 1094 916 papilionis,

403 947 461 1021 Qui
484 947 562 1008 volat
582 946 618 1008 ad
637 945 759 1027 justum,
783 945 864 1008 nullo
887 953 1009 1018 tutante,
1034 945 1185 1008 tribunal?

404 1057 486 1130 Quae
508 1055 592 1118 vobis
615 1057 730 1118 animos
753 1057 803 1118 det
823 1075 872 1118 res
894 1055 1030 1118 attollere
1053 1054 1083 1116 in
1106 1056 1205 1128 altum,

337 1166 428 1228 12⁰0
452 1166 564 1239 miseri,
588 1165 728 1245 quoniam
749 1183 803 1226 vos
825 1165 993 1227 deficientia
1014 1183 1120 1226 manea

400 1277 526 1349 lnseota,
549 1283 583 1336 ut
604 1275 723 1348 vermis,
746 1283 850 1338 natura
870 1283 997 1347 errante,
1021 1283 1139 1336 oreatus

401 1355 498 1448 Peeire
521 1383 618 1447 estis?
639 1417 682 1430 --
702 1385 807 1458 Veluti,
831 1402 899 1446 oum
921 1403 997 1464 opus
1020 1394 1067 1445 est
1089 1401 1257 1464 supponere
1280 1393 1359 1446 teoto

400 1495 549 1568 Pulcrum,
571 1513 630 1573 pro
649 1493 753 1556 mutilo
775 1493 922 1558 interdum
945 1501 992 1554 est
1014 1505 1148 1572 spectare
1172 1495 1295 1570 figuram

400 1606 563 1677 {incurvam
586 1603 772 1682 adductoque
795 1604 830 1665 ad
852 1611 958 1682 peetus
980 1603 1094 1683 poplite
1117 1611 1254 1682 utroque,

335 1727 383 1780 len
402 1715 485 1788 Quae
508 1713 636 1775 inciter
658 1730 736 1784 vero,
759 1720 943 1793 spectantem
965 1713 1043 1775 haud
1066 1732 1143 1784 vera,
1167 1699 1332 1776 dolentem:

400 1824 451 1886 Sic
473 1824 529 1884 hos
552 1823 744 1902 compositos,
767 1831 925 1902 postquam
946 1822 1024 1884 bene
1046 1822 1157 1884 lumina
1179 1823 1260 1884 visus
1341 1868 1343 1873 -

399 1933 526 2005 Intendi,
549 1931 623 1994 mihi
645 1949 768 1994 eernere
791 1940 864 1994 erat.
908 1932 967 1994 Sed
990 1939 1172 1994 nontamen
1196 1951 1300 1994 omnes

400 2043 574 2105 Contractus
596 2059 701 2121 aeque.
744 2043 782 2102 tt
803 2050 893 2121 prout
915 2041 1122 2121 unusquisque
1144 2050 1278 2120 gravatus

398 2152 506 2214 Plusve
527 2151 662 2214 minusve
685 2151 754 2213 ibat.
800 2151 895 2224 Quem
917 2150 985 2231 plus
1007 2131 1153 2231 patienter
1175 2162 1294 2214 euntem

335 2271 382 2324 1³0
399 2263 562 2340 Arguerant
583 2269 693 2339 gestus,
716 2262 797 2324 hune
818 2261 938 2322 flentem
961 2261 1076 2322 mittere
1099 2261 1172 2324 tales

401 2373 510 2434 Voces:
533 2371 617 2434 Haud
640 2371 723 2434 valeo
746 2370 870 2434 ulterius
893 2371 1009 2442 durare,
1034 2371 1178 2434 videbam.

899 2633 956 2715 ΧΙ.

398 2812 518 2874 Summe
539 2813 627 2874 Pater
648 2820 759 2886 noster,
782 2813 936 2875 coetorum
958 2813 1010 2892 qui
1031 2811 1138 2875 ineolis
1161 2829 1268 2886 arcem,

396 2923 463 2984 Non
486 2923 736 3002 circumscriptus,
760 2922 813 2984 sed
836 2922 925 3002 quod,
950 2940 1025 3001 quae
1046 2922 1142 3001 prima
1165 2923 1273 2986 creasti

395 3031 469 3105 lltio,
493 3032 649 3095 devinxere
671 3033 766 3112 magis
790 3032 842 3094 tibi
863 3042 969 3112 pectus
991 3050 1102 3102 amore,

396 3141 481 3204 Edita
503 3149 607 3203 evincta
630 3151 711 3204 tuam
733 3143 868 3204 virtutem
890 3149 920 3203 et
942 3160 1051 3204 nomen
1074 3143 1206 3214 adorent,

362 3251 497 3314 tEtiusa
518 3252 549 3312 in
571 3251 683 3325 laudes,
705 3261 737 3314 ut
759 3253 880 3330 dignum
904 3260 950 3314 est
971 3251 1086 3313 solvere
1109 3261 1205 3329 grates

395 3363 490 3441 Atque
513 3362 626 3423 referre
649 3370 699 3424 tuo
722 3362 846 3442 spiranti
869 3361 955 3423 didee
977 3362 1095 3440 vapori:

394 3460 559 3532 Adueniant
581 3479 628 3532 tua
650 3487 751 3548 regna.
796 3473 861 3533 Tun
883 3479 957 3533 nutu
979 3471 1078 3532 omnia
1099 3471 1179 3544 fiant,

393 3581 520 3642 Aethere
543 3590 572 3642 et
594 3581 623 3642 in
647 3601 763 3642 summo
786 3589 816 3643 et
836 3591 982 3644 terrarum
1004 3581 1034 3642 in
1059 3581 1190 3660 quatihet
1211 3599 1274 3642 ora.

393 3690 461 3770 lpse
484 3690 549 3752 dies
571 3709 676 3752 omnes
697 3701 839 3764 nostram,
864 3710 922 3770 qua
945 3691 1078 3764 vivimus,
1101 3707 1201 3752 escam

344 3811 375 3862 lu
392 3801 434 3862 Da
456 3799 545 3861 nobis
567 3799 665 3862 hodie.
710 3801 860 3880 Quidquid
884 3801 1038 3873 debemus,
1061 3801 1090 3861 id
1113 3817 1201 3860 omne

392 3909 485 3971 Nobis
508 3909 629 3982 dimitte,
653 3911 821 3973 utnostris
844 3911 1018 3974 dimittimus
1041 3911 1129 3972 ultro.

392 4021 430 4082 Et
450 4037 537 4097 grave
559 4038 597 4081 ne
619 4021 829 4084 adducassnns
852 4023 882 4083 in
906 4030 1063 4093 certamen,
1089 4028 1118 4082 et
1139 4019 1219 4080 idem

391 4130 433 4191 Da
455 4129 542 4190 nobis
564 4130 724 4208 prohibere
748 4132 857 4193 malum
877 4131 1052 4193 victorinus.
1096 4131 1200 4192 Amen.

432 4239 494 4300 Hae
515 4257 605 4318 preee
627 4248 777 4318 postrema
800 4242 880 4302 haud
902 4241 999 4313 nobis,
1023 4237 1120 4319 neque
1143 4241 1221 4302 euim
1240 4239 1354 4318 indiget
1371 4259 1454 4311 usus,

251 4436 252 4440 Ἰ
342 4358 373 4411 15
389 4348 583 4428 imploramus
607 4368 705 4428 opem,
728 4358 775 4411 ast
797 4351 866 4424 iltis,
891 4349 1055 4416 carissime.
1079 4367 1206 4430 quorum
1229 4358 1275 4411 est

391 4459 454 4520 Vita
478 4467 631 4538 superstes
653 4459 750 4522 adhuc
771 4468 842 4539 pust
863 4478 929 4522 uos.
973 4461 1024 4523 Sic
1047 4460 1096 4522 illa
1119 4467 1234 4522 caterva
1262 4521 1267 4527 ,
