3234 5396
355 517 417 580 236
781 519 961 570 unanimius
979 521 1055 571 xxvi.

419 737 549 800 Alternis
570 739 663 800 aniam
684 754 765 799 nunu
784 735 852 810 hue,
875 755 955 800 nuno
976 737 1108 801 dividere
1129 738 1200 801 illua
1260 746 1267 759 ·

354 852 404 906 120
421 847 576 910 Curabam.
596 879 640 892 -
660 846 715 908 dai
735 846 835 927 hymni
854 846 917 927 jam
937 855 998 910 iota
1019 847 1084 926 lega
1107 857 1235 928 peraeta,

420 957 482 1018 Vox
504 958 591 1019 effata
616 957 802 1019 Va'rumssaoa
825 973 967 1036 cognosco
990 957 1108 1038 impulit
1129 977 1232 1034 aures3

419 1064 533 1128 Deinde
554 1065 654 1147 hymni
676 1085 817 1129 numeros
839 1066 947 1128 iterum
968 1066 1123 1130 absolvers
1144 1069 1279 1143 remisse,

420 1176 512 1257 Cujus
534 1175 589 1236 sub
610 1177 701 1237 finem
723 1174 859 1237 clamavit
880 1183 940 1238 tnta
961 1185 1093 1240 caterva:

418 1284 540 1347 Phoebe
562 1284 629 1347 iniit
650 1302 739 1347 eursu
760 1285 860 1360 siivas,
883 1286 1065 1367 Helinenque
1086 1289 1219 1361 removit,

353 1413 402 1468 ιιι
420 1396 503 1470 Quae
523 1396 603 1458 vinus
624 1413 714 1475 passa
736 1402 781 1456 esi
802 1395 936 1458 Veneris.
978 1396 1053 1460 Boin
1075 1413 1202 1476 corpere
1224 1406 1324 1460 uastos

419 1506 588 1568 Clamavera
609 1505 689 1566 vinus
709 1513 889 1586 matresque,
912 1513 944 1568 ut
962 1505 1030 1588 jura
1052 1506 1155 1568 marita

416 1615 559 1678 Poscant.
602 1597 695 1695 idque
718 1623 764 1676 sat
785 1633 852 1678 esse
874 1616 934 1678 illis
955 1625 1028 1697 puto
1050 1624 1168 1696 tempus
1189 1617 1221 1678 in
1243 1634 1340 1691 omne,

420 1726 486 1799 Quo
509 1726 625 1788 damma
645 1733 785 1788 uruntur:
808 1743 909 1788 auram
930 1726 1016 1800 hanc,
1038 1725 1113 1788 haan
1133 1725 1242 1806 pabula
1262 1727 1362 1806 poscit

417 1835 540 1911 Vulnus,
563 1843 594 1898 ut
614 1835 684 1898 huia
705 1834 823 1898 tandem
846 1833 1020 1898 claudantur
1039 1835 1149 1898 hiantia
1170 1834 1263 1897 labra.

889 2094 1001 2179 XXVI·

415 2275 498 2338 Alter
518 2281 589 2357 pest
608 2293 701 2338 unum
722 2275 792 2336 dum
813 2274 858 2336 sie
871 2292 934 2356 „pen
953 2275 1094 2353 marginis
1116 2293 1198 2336 oram

416 2385 544 2460 Ibamus,
566 2403 679 2458 caveas,
701 2385 775 2446 mihi
796 2383 892 2446 dulcis
914 2402 1004 2464 saepe
1024 2384 1168 2462 magister

416 2495 554 2570 diceban
577 2495 712 2557 studiosa
730 2495 813 2575 juvet
833 2501 862 2556 te
885 2510 955 2556 cura
975 2494 1133 2556 monentis.

459 2605 511 2668 Sal
533 2605 605 2667 mihi
626 2605 761 2667 dextrum
781 2603 937 2666 humerum
959 2603 1084 2668 seniebat
1104 2602 1215 2666 lumine
1237 2613 1267 2668 et
1289 2624 1406 2668 omnem

383 2715 564 2784 aOeeasum
585 2715 701 2777 ularans
722 2713 854 2776 mutabat
876 2713 995 2776 enei-ula
1017 2714 1093 2776 coeli

417 2823 584 2900 Candidus3
607 2832 637 2888 et
657 2839 742 2902 mage
764 2824 923 2886 candentes
945 2840 1001 2901 ego
1024 2823 1159 2903 nonnanis
1181 2823 1285 2886 umbra

415 2934 578 3014 Fingebam
599 2935 748 3010 dammas3
770 2941 858 3014 atqua
879 2933 930 2996 hic
951 2951 1070 3014 quoque
1089 2932 1183 2995 millia
1203 2933 1264 2996 vidi

415 3045 601 3119 Umbrarum,
623 3044 764 3106 indicium
785 3051 899 3106 tantum
921 3061 997 3123 quae
1018 3050 1117 3106 mente
1137 3044 1288 3106 notabant.

413 3157 510 3236 Atque
531 3155 605 3217 haec
626 3171 731 3216 caussa
751 3153 823 3222 init,
846 3171 900 3215 aur
921 3153 1021 3234 eoepit
1042 3153 1168 3234 quisque
1189 3171 1304 3232 rogare,

366 3283 397 3336 ιο
415 3266 490 3340 Quis
511 3265 577 3339 sim,
601 3273 689 3343 alque
710 3263 847 3326 alternis:
868 3263 935 3326 Non
957 3263 1015 3325 iste
1036 3275 1092 3337 eat,
1115 3263 1224 3336 dicare,
1247 3283 1357 3344 corpus

414 3377 540 3438 Fidium.
582 3375 656 3437 Dein
678 3373 813 3455 propius,
834 3379 925 3453 prout
945 3380 991 3434 est
1012 3373 1079 3436 data
1102 3373 1197 3453 eopia,
1221 3373 1308 3448 versi,

413 3485 514 3567 Usque
534 3484 630 3562 magis
652 3491 763 3546 certam
784 3491 854 3546 sunt
873 3501 1142 3561 remnngnosnene
1165 3483 1270 3556 adoni,

413 3595 588 3658 Desemisse
609 3595 708 3656 lanum
728 3592 823 3668 veriti,
847 3612 935 3673 quem
956 3593 1092 3674 possidet
1113 3593 1200 3672 ignis.

456 3704 482 3767 0
504 3713 545 3779 tu,
568 3703 619 3784 qui
640 3711 797 3776 extremus,
820 3720 882 3764 nen
904 3703 983 3784 quod
1004 3703 1090 3783 pigra
1109 3703 1242 3765 membra
1264 3704 1421 3778 reamdant,

364 3835 396 3888 ιι
412 3814 540 3887 lucedis,
563 3813 617 3875 sed
640 3813 719 3892 quod
742 3818 770 3874 ie
792 3813 855 3874 fors
876 3814 1041 3876 reverentia
1061 3811 1162 3888 vineit,

412 3927 456 3988 lia
476 3924 551 3986 mihi
571 3941 750 4002 responsum
769 3923 957 4003 flammisque
979 3921 1088 4003 sitique
1109 3931 1242 4003 perusto,
1282 3953 1286 3960 ·

412 4035 474 4098 Nec
495 4035 569 4096 mihi
589 4035 744 4107 duntaxat3
766 4051 894 4114 namque
915 4033 946 4094 id
968 4033 1030 4095 sitit
1050 4033 1108 4096 ista
1129 4041 1252 4106 caterva,

411 4145 483 4207 Plus
505 4162 593 4225 quam
615 4143 691 4216 indi,
712 4143 934 4223 Aethiopesque
956 4142 1081 4222 aigands
1102 4162 1224 4206 munera
1245 4143 1309 4204 rivi.

410 4254 464 4317 uie
485 4253 582 4328 nohis,
605 4271 681 4334 quae
704 4270 809 4315 caussa
830 4251 942 4327 subest,
966 4273 1020 4316 cur
1039 4252 1161 4334 parietis
1182 4255 1276 4316 instar

361 4375 395 4427 20
411 4363 513 4425 Solem
534 4362 680 4436 defendis,
702 4363 793 4424 veluti
815 4362 840 4424 si
863 4363 893 4423 in
914 4362 988 4426 retia
1009 4363 1115 4426 martis

410 4471 549 4536 Nondum
571 4473 658 4536 etiam
680 4469 848 4536 intrasses?
871 4507 910 4520 -
934 4473 1087 4547 Quaedam
1109 4473 1154 4534 sia
1175 4471 1279 4534 umbra
1297 4472 1394 4536 locuta
1412 4477 1465 4544 θεὶς
