3234 5396
346 495 409 562 240
752 505 933 557 ruacrroau
952 503 1039 556 mvn.

412 719 560 784 Peccandi
582 721 735 784 arbitrium
756 721 854 786 uobis.
897 721 981 797 Dein,
1004 723 1082 784 torto
1104 723 1227 784 daturus

413 830 482 910 ipse
504 832 602 894 locum
623 831 761 907 adstanti,
783 849 839 913 per
859 833 994 894 flammae
1016 831 1153 894 incendia
1176 833 1258 912 sugit,

413 940 561 1003 Assimiiis
582 942 659 1022 pisci
680 960 735 1023 per
756 961 850 1022 aquas
871 941 956 1004 tundi
979 941 1037 1004 ima
1058 942 1181 1022 petenti.

348 1055 397 1109 1111
455 1050 579 1115 Paulum
602 1069 656 1131 ego
678 1059 840 1114 monstrato
862 1052 987 1125 accessi,
1009 1069 1057 1113 me
1079 1051 1195 1114 discere
1217 1057 1350 1114 aventem

413 1159 496 1222 lilius
517 1179 626 1224 nomeu
648 1169 771 1224 testatus
794 1160 884 1224 corde
904 1177 1028 1241 parasse

412 1268 490 1332 Huic
511 1278 624 1349 gratam
645 1271 676 1334 iu
698 1279 801 1333 nostro
824 1269 936 1332 sedem.
957 1301 1001 1314 —
1021 1270 1106 1331 Tunc
1127 1269 1204 1330 iiber
1224 1271 1264 1332 ita
1285 1271 1365 1332 iniit:

413 1379 487 1441 Tam
508 1380 582 1442 mibi
604 1380 690 1442 dulce
712 1379 802 1455 veuit,
826 1379 906 1460 quod
929 1379 1005 1440 comi
1027 1397 1100 1441 voco
1121 1379 1244 1458 rogasti,

413 1487 450 1550 Ut
471 1507 568 1569 neque
590 1508 645 1569 ego
667 1490 790 1570 possim,
812 1507 869 1551 noc
884 1489 922 1550 sit
943 1488 1040 1550 celare
1060 1488 1205 1562 voluutas,

347 1607 395 1661 135
412 1597 499 1671 Quod
521 1599 609 1680 petis.
652 1602 808 1661 Auruncus
831 1598 924 1672 dicor,
947 1597 998 1678 qui
1020 1598 1106 1678 ploro
1128 1599 1286 1678 modisque

414 1707 529 1770 Cantito
551 1707 709 1783 flebilibus,
731 1708 909 1786 simulatque
931 1724 986 1784 ego
1008 1715 1108 1769 mente
1129 1708 1281 1780 recordor,

414 1817 481 1890 Quo
503 1836 550 1880 me
571 1817 747 1899 praeteritae
769 1817 852 1879 duxit
873 1817 1021 1878 dementia
1041 1817 1127 1879 vitae.

412 1925 536 2006 Jamque
557 1926 622 1989 dies
644 1926 718 1989 mibi
739 1935 798 1990 tam
820 1934 938 2007 sperata
956 1925 1075 1988 ridetur
1094 1926 1210 1989 adesse.

412 2034 498 2098 Nunc
518 2055 574 2117 per
593 2036 731 2098 virtutem
752 2044 781 2099 te
804 2054 867 2110 oro,
890 2053 965 2116 quae
987 2037 1130 2099 scandere
1152 2035 1248 2099 scalas

347 2143 396 2198 14⁰
412 2144 468 2207 Dat
488 2146 542 2208 tibi
563 2165 728 2227 supremas,
750 2154 784 2208 ut
804 2147 901 2208 fausto
923 2154 1057 2225 tempore
1079 2147 1173 2208 nostri

412 2254 462 2318 Sis
483 2273 599 2320 memor
619 2256 749 2335 angoris.
792 2255 868 2318 Dein
888 2273 995 2337 purum
1018 2275 1051 2318 se
1074 2256 1156 2319 abdit
1177 2257 1208 2319 in
1230 2257 1337 2336 ignem.

880 2517 1009 2600 XXVII.

410 2693 449 2757 Ut
470 2713 537 2757 cum
558 2696 653 2775 prima
673 2695 768 2758 vibrat
788 2695 937 2758 radiorum
959 2696 1073 2776 spicula
1095 2696 1127 2757 in
1147 2697 1262 2772 urbem,

410 2804 521 2866 tucior
541 2805 593 2866 ubi
615 2823 687 2867 suus
710 2806 814 2868 effudit
834 2825 902 2867 cum
924 2807 1067 2885 sauguine
1087 2805 1186 2879 utam,

410 2914 506 2977 Altius
528 2913 676 2977 invectum
697 2915 753 2976 sub
773 2915 881 2978 Librae
902 2915 986 2978 sidus
1006 2915 1094 2976 Ibero

410 3023 552 3099 Labente,
574 3032 661 3104 atque
683 3025 788 3087 boram
810 3025 866 3087 sub
889 3034 1000 3088 sextam
1021 3043 1125 3088 rursus
1148 3025 1260 3088 adustis

376 3133 503 3196 5Uudis
525 3135 555 3195 in
577 3135 721 3214 Gangem:
744 3136 823 3198 haud
845 3135 930 3198 aliter
950 3135 997 3196 sol
1018 3135 1114 3198 stabat
1135 3144 1255 3217 eratque

409 3245 516 3307 Ultima
536 3265 606 3326 pars
625 3247 711 3322 tucis,
733 3245 811 3308 laeto
834 3264 902 3307 cum
923 3263 957 3306 se
979 3244 1085 3307 obtulit
1107 3264 1158 3308 ore

409 3355 549 3434 Angelus.
591 3355 680 3417 Extra
701 3356 778 3432 ignis
800 3356 933 3418 flammas
955 3355 1052 3435 ripam
1072 3355 1137 3434 ipse
1159 3354 1289 3430 tenebat,

408 3465 447 3526 Et
467 3464 580 3546 majore
601 3483 686 3538 sono,
710 3484 798 3545 quam
818 3465 949 3526 hominis
969 3485 1026 3526 vox
1045 3465 1110 3527 viva
1131 3465 1257 3539 tulisset,

409 3574 566 3637 Cantabat:
589 3575 701 3637 Mundo
723 3579 777 3656 qui
794 3577 936 3638 incedunt
957 3576 1054 3648 corde,
1078 3569 1198 3637 beatos!
1243 3605 1244 3610 ¹

360 3697 392 3749 1⁰
407 3685 536 3748 Exinde:
559 3684 584 3747 0
606 3685 721 3746 animae
742 3693 869 3760 sanotae,
891 3684 951 3746 nisi
971 3685 1106 3746 mordeat
1126 3693 1210 3747 aestu

407 3795 540 3856 Flamma
561 3794 656 3875 prius,
679 3813 739 3856 nou
762 3803 809 3858 est
829 3795 905 3856 ultra
926 3794 1107 3858 contendere
1128 3809 1248 3874 gressu3

407 3905 518 3968 lunate
539 3905 624 3980 banc,
647 3921 704 3966 nec
726 3905 786 3966 siut
807 3923 894 3966 aures
917 3905 953 3966 ad
976 3905 1107 3967 carmina
1128 3906 1236 3967 surdae

406 4014 480 4076 lude
503 4015 613 4078 emissa
635 4013 705 4076 ioci.
726 4047 770 4058 -
791 4015 841 4076 Sic
863 4033 931 4077 cum
951 4033 1047 4096 prope
1064 4015 1213 4088 uenimus,
1236 4014 1347 4094 inquit3

408 4126 516 4200 Quare,
537 4125 585 4186 bis
607 4123 725 4198 auditis,
749 4124 799 4186 tali
821 4123 876 4186 sub
897 4125 1024 4204 imagine
1047 4125 1142 4186 tactus

358 4240 390 4294 la
407 4235 593 4309 Restiteram,
616 4235 702 4316 qrmle
725 4243 771 4296 est
791 4242 861 4314 post
882 4235 986 4297 funera
1009 4253 1119 4315 corpus
1141 4233 1331 4296 humandum.

449 4346 487 4407 Et
508 4353 616 4408 stratus
638 4344 738 4423 digitis
760 4345 837 4406 intra
858 4361 891 4404 se
912 4343 1032 4425 pectine
1050 4343 1173 4425 junctis,

406 4456 527 4536 Inspexi
548 4456 680 4530 ardores,
702 4473 854 4529 revocans,
878 4473 954 4534 quae
975 4473 1102 4535 corpora
1120 4453 1269 4535 quondam
