3234 5396
786 509 967 563 PURGATORH
987 509 1051 560 XXX.

418 725 523 792 Dicere
544 728 700 792 Vraoraro:
723 729 789 790 Non
811 735 903 792 restat
923 727 1077 806 sanguinus
1099 727 1156 790 5115

367 838 492 900 451555
512 838 585 901 mihi
607 837 653 900 rei
674 837 796 901 minima
817 838 941 916 integre,
964 853 1051 917 quam
1074 856 1134 900 non
1157 847 1285 920 oooupet
1304 839 1426 916 horror3

418 947 566 1026 agnosse,
590 963 721 1024 agnosco
742 947 853 1010 veteris
874 947 999 1026 vesugia
1019 947 1166 1010 11555555.

400 1122 406 1132 ,
460 1058 498 1119 dt
519 1075 552 1119 se
574 1056 728 1120 Vrnorarus
749 1057 837 1120 nobis
859 1055 1050 1131 subduxerat,
1072 1056 1124 1120 iilo

418 1165 516 1238 Vates,
538 1167 587 1228 eui
608 1185 656 1228 me
678 1165 865 1230 credideram
886 1167 1097 1246 propriamque
1120 1167 1262 1230 salutem:

417 1275 480 1338 Neo
501 1275 645 1356 quidquid
669 1276 797 1355 genitrix
818 1275 918 1339 amisit
939 1275 1042 1356 prima,
1062 1276 1178 1356 jurarat

366 1391 400 1446 td
418 1385 468 1448 Sic
489 1403 580 1466 puras
603 1404 619 1448 5
642 1405 710 1450 rore
733 1403 834 1466 genas,
857 1393 890 1448 ut
910 1385 1031 1448 fletibus
1053 1386 1128 1448 istae

417 1495 505 1557 atrae
526 1513 587 1556 non
609 1497 726 1558 tierent.
772 1495 796 1558 0
820 1496 922 1570 115555,
945 1495 1072 1558 abeunte
1094 1503 1192 1574 poeta,

416 1603 613 1676 Numerinus,
637 1605 769 1666 nondum
790 1604 923 1668 15551555.
966 1604 1033 1666 Tibi
1054 1606 1126 1668 flere
1148 1623 1274 1668 neeesse
1296 1615 1351 1678 est,

418 1714 491 1778 Cum
514 1713 568 1776 tibi
592 1714 741 1778 55551155
763 1714 913 1796 trajecerit
933 1714 1033 1778 aerior
1055 1713 1149 1780 ensis.

419 1822 522 1898 Qualis
544 1824 708 1886 navarchus
731 1841 838 1904 prorae
858 1825 1013 1905 puppique
1035 1841 1177 1886 55555555

367 1939 401 1993 55
418 1931 548 1996 Turbam
569 1933 756 1996 insistentem
777 1933 878 1996 inrisit
898 1935 1071 2015 passimque
1091 1935 1245 1996 ministres

416 2042 475 2104 Per
497 2061 586 2104 naves
609 2041 694 2116 51155,
715 2042 813 2105 animo
836 2051 865 2106 ot
882 2043 970 2124 jubet
991 2063 1062 2107 esse
1081 2051 1201 2124 parato3

416 2152 451 2214 15
473 2153 589 2234 sponda
610 2170 715 2214 currus
736 2151 828 2228 laeva,
851 2169 918 2216 oum
939 2153 1051 2218 lumina
1072 2154 1147 2216 verti

415 2261 551 2324 Nominis
574 2261 610 2324 ad
632 2261 763 2326 sonitum
784 2262 907 2342 proprii,
931 2263 1011 2343 quod
1032 2262 1150 2326 tradere
1172 2261 1291 2350 seriptis

416 2371 502 2434 Nune
524 2389 573 2434 mo
594 2389 643 2434 res
665 2372 753 2450 aegit,
776 2371 838 2434 visa
861 2380 917 2441 est
940 2389 1017 2452 quae
1039 2373 1176 2454 apparuit
1197 2381 1275 2448 5555,

365 2487 399 2542 55
416 2481 538 2544 Femina
561 2481 666 2544 adesso
687 2481 761 2543 mihi
782 2481 917 2560 angelino
938 2482 1033 2544 relata
1055 2481 1110 2544 sub
1133 2482 1238 2556 imbre,

415 2589 511 2670 Atque
533 2590 613 2652 aeies
634 2591 665 2652 in
686 2607 734 2653 me
756 2597 838 2653 trans
859 2591 955 2654 rivum
975 2593 1067 2671 iigere
1088 2599 1241 2672 utrasque.

416 2698 500 2762 11555
522 2699 656 2780 quamuis
676 2701 774 2762 velum
795 2702 997 2780 praeeinotum
1018 2701 1303 2778 155515111555555,

416 2808 542 2890 Semper
561 2809 654 2872 rireoi
677 2808 784 2890 eapitis
805 2810 843 2872 de
864 2811 974 2874 vertioe
995 2811 1110 2884 labens,

415 2917 482 2980 Non
505 2918 617 2980 sineret
637 2917 725 2998 plane
745 2920 903 2983 manifesta
923 2922 955 2983 15
976 2920 1044 2984 luae
1065 2929 1182 3000 patere3

365 3032 399 3086 oo
416 3026 501 3090 Tune
523 3045 642 3109 quoque
662 3029 754 3106 regali
775 3031 856 3094 rultu
878 3039 1022 3110 qmtuque
1042 3038 1180 3110 proterva

414 3137 492 3212 Infit,
513 3157 597 3202 more
617 3139 672 3200 viri
694 3139 750 3202 sub
772 3141 863 3203 tinem
885 3140 1048 3220 asperrima
1070 3141 1161 3204 faudo

413 3246 510 3310 Verba
532 3249 726 3311 reservantis:
750 3249 896 3312 Converte
917 3251 976 3312 hue
997 3250 1107 3314 lumina
1127 3251 1224 3325 visus3

414 3357 532 3438 Inspice
554 3377 619 3432 me;
641 3376 769 3439 namque
790 3358 840 3422 iila
861 3375 917 3437 ego
940 3379 1016 3434 sum,
1039 3379 1104 3422 sum
1128 3361 1233 3424 eadem
1253 3361 1470 3441 ipsaermr:

415 3466 572 3539 Quomodo
594 3486 627 3554 55
649 3469 798 3532 adscensu
819 3478 950 3532 montem
972 3467 1134 3550 dignatus?
1154 3473 1200 3534 55
1222 3472 1288 3553 ipse

362 3575 396 3630 65
413 3576 501 3639 Forte
523 3575 680 3656 ignorabas
702 3579 839 3640 homines
860 3579 911 3641 irie
931 3599 1000 3643 esse
1021 3579 1151 3643 beatos?

454 3687 492 3748 nt
512 3685 587 3748 mihi
609 3694 679 3750 tune
701 3687 780 3750 55511
803 3687 834 3750 15
855 3689 966 3752 nitidos
988 3689 1124 3754 eeoidore
1144 3689 1277 3770 liquores

413 3794 535 3870 Fontis3
558 3804 596 3872 et,
618 3807 651 3860 ut
671 3797 742 3872 viui,
764 3798 908 3878 adspectu
929 3799 1074 3862 divertere
1096 3799 1133 3862 ed
1155 3799 1278 3864 herbam

412 3904 545 3980 Profuit3
568 3907 594 3967 is
616 3906 715 3986 pudor
736 3925 789 3970 ora
809 3907 882 3970 mihi
905 3909 1093 3988 frontemque
1114 3917 1257 3988 gravarat.

455 4014 546 4090 Talis,
569 4016 705 4090 ethaeo,
727 4019 795 4078 nato
817 4025 912 4080 mater
933 4019 1113 4099 quaudoque
1135 4019 1295 4099 supernam

363 4131 397 4182 75
413 4124 453 4186 Se
475 4125 573 4204 fingit;
595 4143 724 4206 namque
745 4126 795 4190 iue
816 4145 907 4208 sapor
927 4128 1047 4208 pietatis
1068 4129 1194 4192 aoerbae

413 4234 513 4296 Sentit
531 4235 675 4298 amareris
698 4237 847 4315 quiddam.
891 4237 943 4299 Sie
963 4238 1023 4300 iata
1044 4233 1165 4327 quierit

413 4343 490 4404 Tum
510 4362 581 4406 vero
604 4345 756 4424 angelicae
778 4346 877 4408 subito
900 4348 1036 4411 55515555
1058 4349 1213 4411 cohortes:

413 4453 451 4516 15
473 4465 501 4517 te
522 4461 653 4535 speravi,
674 4449 821 4518 namnet
842 4463 873 4518 et
893 4456 950 4519 sub
971 4459 1101 4520 earmine
1122 4460 1215 4538 finem
