3214 5400
570 539 750 590 l'llllGh'l'Ollll
768 540 827 590 Vlll.

164 759 225 825 tsi
248 757 375 821 missum
396 775 466 820 aere
488 775 559 819 cavo
582 756 711 819 sonitum
734 757 838 837 procul
861 757 970 837 accipit
991 756 1049 830 ille,

195 869 282 942 Quod
300 867 362 949 jam
384 867 511 930 labentis
534 868 666 928 videatur
687 869 761 930 llere
783 866 842 927 diei

195 977 359 1052 Occasum3
381 977 453 1039 milri
476 997 543 1039 cum
565 976 651 1057 coepi
674 977 845 1038 frustrarier
865 995 953 1038 aures

194 1087 362 1168 lnspiciens
386 1087 647 1171 quandam-quae
670 1093 912 1159 consurrexerat,
935 1086 1079 1158 umbram,

193 1197 290 1276 hique
313 1215 419 1257 marrus
440 1204 525 1273 gestu
547 1197 698 1258 adstantes
721 1196 823 1257 audire
841 1194 973 1276 jubebat.

149 1319 178 1370 10
235 1307 273 1368 Ut
293 1306 388 1379 venit,
412 1306 526 1386 palmas
548 1306 584 1368 ad
608 1305 724 1368 coelum
747 1305 868 1370 sustulit
890 1304 1001 1377 ambas,

192 1416 266 1477 Fixo
288 1423 485 1495 prospectans
507 1415 653 1478 orientem
674 1415 786 1476 lumine
807 1424 943 1494 utroque,

193 1525 272 1587 llaec
295 1525 368 1588 lauti
392 1526 513 1586 similis:
536 1525 607 1586 Mihi
629 1532 711 1598 sunt,
734 1524 829 1598 Deus,
853 1525 951 1586 omnia
973 1532 1090 1598 tecum;

192 1635 240 1696 Nil
261 1635 347 1696 ultra.
390 1632 467 1696 Huic
488 1635 615 1714 hymnus
641 1634 677 1696 Te
700 1635 774 1696 lucis
797 1634 828 1695 in
851 1653 903 1696 ore
925 1633 1050 1696 sonabat

192 1744 271 1804 Voce
291 1744 358 1823 pia,
381 1763 476 1823 usque
499 1745 574 1806 adeo
597 1744 677 1806 dulci
698 1744 898 1806 modulamine
921 1752 1036 1815 cantus,

148 1866 176 1918 15
192 1854 228 1916 Ut
249 1861 348 1916 mente
371 1853 437 1932 ipse
458 1853 531 1915 mihi
554 1853 725 1916 exciderim.
769 1853 844 1915 lleiu
866 1859 982 1914 caetera
1004 1852 1089 1915 turba

192 1964 324 2027 Dulciter
346 1972 433 2043 atque
454 1964 504 2044 pie
527 1971 619 2025 totaru
642 1971 688 2026 est
710 1962 865 2024 absolvere
888 1963 989 2024 adorta

191 2074 301 2152 Legem
323 2073 424 2152 hymni
445 2073 533 2135 simul
555 2074 590 2136 ad
614 2073 772 2154 sphaeram
794 2089 937 2134 conversa
958 2089 1127 2152 supernam.

191 2183 246 2246 llic
267 2182 345 2244 hene
367 2182 414 2244 iac
436 2199 525 2244 acuas
549 2183 585 2246 ad
607 2201 710 2244 verum
731 2181 843 2243 lumina
865 2182 957 2253 visus,

192 2293 317 2367 Lector3
340 2299 400 2354 tam
421 2291 499 2355 hene
521 2310 601 2354 nunc
621 2294 720 2355 velum
735 2292 850 2366 subtile
873 2299 1002 2371 paratur,

64 2441 70 2450 -
144 2413 176 2464 20
192 2402 228 2464 Ut
248 2403 313 2464 leve
336 2403 375 2463 sit
396 2411 476 2463 certe
499 2401 619 2475 cursim,
644 2402 724 2482 quod
746 2401 894 2463 clauditur
915 2401 1004 2472 intus,

191 2512 362 2592 lnspexisse
385 2512 487 2574 semel.
530 2512 604 2574 Dein
625 2512 685 2574 vidi
707 2511 765 2574 hoc
787 2527 891 2588 agmen
913 2510 1073 2571 honestum

192 2621 352 2700 Suspicere
373 2621 452 2682 haud
474 2621 613 2694 hiscens,
637 2639 721 2682 more
743 2619 957 2708 exspectantis,
981 2619 1011 2680 in
1034 2637 1087 2681 ore

191 2731 311 2793 Pallens
334 2740 364 2792 et
385 2732 462 2793 tastu
484 2749 624 2793 vacuum:
648 2739 709 2792 tum
733 2750 769 2792 ex
790 2731 910 2792 aethere
933 2729 992 2791 lahi

191 2842 326 2920 eligeres
349 2840 499 2919 geminos.
522 2839 584 2902 bini
608 2859 683 2919 quos
706 2841 774 2920 igue
795 2840 941 2901 micantes

142 2965 174 3018 25
190 2949 353 3012 hrmahant
372 2968 462 3012 enses
485 2950 582 3012 trunci
609 2957 640 3010 et
660 2968 803 3012 mucrone
826 2957 973 3012 carentes.

190 3059 258 3122 Non
281 3076 369 3121 secus
392 3077 426 3122 ac
448 3059 571 3121 frondes
593 3060 682 3122 modo
706 3069 809 3133 natae,
831 3061 921 3122 vestis
944 3059 1052 3121 amictu

189 3169 355 3248 Fulgehant
374 3169 492 3242 viridis,
514 3168 600 3231 viridi
623 3188 711 3249 quam
733 3187 812 3250 pone
833 3187 889 3249 per
909 3187 996 3231 auras

189 3279 324 3358 Remigio
338 3278 458 3340 ¹clarum
480 3297 653 3359 percussam
677 3279 802 3358 quisque
824 3277 967 3340 trahebat.

232 3389 315 3450 Unus
337 3388 501 3469 paullisper
523 3407 613 3469 supra
635 3395 723 3467 caput
745 3387 872 3460 adstitit,
896 3387 970 3449 alter

140 3513 174 3566 se
191 3497 366 3578 oppositam
388 3497 419 3558 in
442 3497 587 3578 spondam
611 3497 772 3560 descendit.
817 3495 916 3558 Turba
937 3495 1057 3558 tenebat

190 3608 230 3669 Sc
251 3607 390 3669 mediam.
434 3607 522 3669 Potui
544 3608 637 3668 ssavos
660 3625 715 3685 ego
738 3623 861 3668 cernere
883 3607 998 3681 crines3

189 3718 228 3779 ht
248 3717 360 3780 vultum
383 3717 553 3796 adspiciens
576 3718 680 3779 oculus
702 3716 775 3778 mihi
788 3715 961 3779 hebescere
982 3715 1091 3795 coepit,

191 3827 254 3889 Ceri
273 3826 333 3900 vis,
358 3845 446 3906 quam
468 3826 575 3890 nimiae
598 3826 753 3889 confundit
775 3826 861 3906 copia
882 3825 967 3888 lucis.

232 3935 362 4015 Virginis
385 3955 402 3998 e
424 3937 554 4012 grenio,
578 3937 651 3999 dixit
672 3937 848 3998 Sonosccus
870 3935 990 4014 utrique

139 4069 171 4122 35
189 4045 341 4108 Venerunt
361 4045 446 4108 vallis
469 4047 623 4121 custodes,
646 4054 770 4127 propter
789 4046 919 4107 hiantem

88 4195 94 4208 ι
188 4156 340 4234 Anguem,
364 4156 414 4240 qui
434 4157 496 4237 iam
519 4139 623 4218 aderit.
670 4157 785 4230 Quare,
809 4156 860 4235 qui
883 4155 959 4217 scire
982 4152 1151 4232 nequibam,

189 4266 257 4340 Quo
280 4274 456 4346 properaret
477 4267 548 4339 iter,
570 4284 618 4327 me
640 4265 869 4328 circumvertere
896 4273 926 4325 et
948 4271 1019 4336 arte,

186 4377 253 4438 lam
276 4383 355 4438 totus
378 4377 505 4455 frigens,
528 4377 660 4438 humeris
681 4375 860 4437 haerescere
879 4374 957 4435 udis.

188 4471 426 4566 sinceriusque
449 4485 551 4548 simul:
571 4485 656 4548 Nunc
674 4485 736 4566 jam
759 4485 941 4548 descendere
964 4489 1078 4562 tempus
