3214 5400
599 442 780 492 l'llllGlTOllll
800 443 834 492 lv.
1142 385 1339 542 -Ιῆ

170 661 351 741 tollamque
374 660 457 722 orbis
479 657 612 732 medius,
636 677 723 738 quem
746 660 825 721 circa
846 659 944 721 sidera
965 667 1047 721 motu

216 769 372 832 Labuntur
393 788 520 849 supero,
544 769 654 848 quique
676 769 842 849 appellatur
863 769 893 830 in
916 779 979 830 arte

217 881 383 958 Aequum,
408 879 517 958 quique
539 897 634 957 usque
657 879 734 940 inter
756 879 910 958 solemque
932 877 1121 957 hiememque

217 989 272 1050 Est
294 989 387 1062 situs,
411 987 450 1049 ob
473 1005 593 1048 caussas
615 987 701 1059 illas,
727 1007 799 1066 quas
823 987 915 1061 dicis,
940 988 976 1049 ad
999 987 1109 1048 Arcton

217 1098 295 1159 Hinc
317 1097 459 1172 discedit3
481 1097 532 1158 ubi
555 1105 657 1158 contra
679 1097 759 1157 bunc
779 1096 892 1159 ludaea
913 1096 1032 1158 videbat

167 1225 201 1276 80
218 1209 298 1269 Gens
320 1207 408 1269 rutila
430 1207 466 1268 ad
489 1205 598 1268 calidas
620 1206 790 1267 tendentem
811 1204 948 1284 lampade
970 1214 1079 1285 partes.

218 1321 269 1391 Al,
293 1317 351 1378 nisi
374 1325 402 1378 te
424 1316 534 1388 taedet,
558 1334 606 1378 me
628 1315 712 1376 valde
734 1315 812 1376 scire
831 1315 957 1395 juvaret,

220 1427 335 1500 Quanta
358 1427 479 1488 terenda
500 1426 545 1488 via
568 1433 614 1486 est
635 1424 741 1498 nobis3
764 1401 891 1504 namque
914 1423 989 1485 altus
1012 1424 1048 1485 ad
1072 1433 1150 1484 astra

217 1537 303 1614 ploos
326 1536 441 1598 scandit
462 1536 529 1616 plus
553 1553 641 1615 quam
663 1554 728 1596 mea
751 1534 862 1596 lumina
884 1533 1027 1596 scandere
1041 1533 1175 1622 possint.

260 1647 399 1725 Virgilius
421 1646 508 1707 mibi:
531 1645 560 1706 ls
583 1651 629 1706 est
651 1645 759 1717 clivus,
782 1643 951 1722 respondit,
976 1651 1124 1723 utusque

170 1767 201 1822 85
219 1757 263 1819 Sit
286 1756 382 1836 gravis
405 1755 440 1817 ad
464 1773 612 1816 summum
635 1755 741 1816 nitenti
764 1753 890 1814 evadere
912 1752 948 1813 ab
970 1752 1041 1812 imo.

218 1867 254 1927 lt
277 1874 386 1944 quanto
409 1865 504 1944 magis
527 1864 576 1926 ille
599 1864 673 1925 riam
696 1865 740 1924 vir
760 1864 872 1942 pergit,
896 1863 1023 1923 eundem

219 1976 313 2038 Tanto
336 1984 422 2052 urget
443 1975 541 2036 minus
563 1983 651 2054 atque
673 1976 771 2036 minus
794 1971 880 2033 labor
902 1970 999 2031 omnia
1022 1971 1153 2032 vincens.

220 2086 319 2160 Quare
341 2085 394 2146 ubi
416 2084 515 2146 suavis
537 2084 594 2146 erit
615 2082 668 2144 tibi
691 2082 749 2155 sie,
772 2088 806 2142 ut
826 2081 933 2142 vadere
955 2080 986 2140 in
1008 2079 1098 2140 altum

105 2157 109 2359 1
218 2193 277 2258 Res
300 2195 354 2256 tibi
375 2194 511 2257 habenda
532 2193 605 2255 levis
628 2192 740 2264 veniat,
762 2191 842 2252 velut
862 2189 905 2250 ire
929 2191 1061 2251 secundo

171 2319 203 2370 tto
218 2306 354 2369 Flumine
376 2304 499 2380 navigiis
522 2303 680 2376 deorsum3
704 2309 766 2362 tnm
788 2300 862 2362 baec
884 2299 987 2360 semita
1009 2297 1132 2360 babebit

105 2365 109 2490 l
219 2416 339 2487 Finem,
362 2422 392 2475 et
413 2431 534 2475 securae
557 2412 673 2474 dabitur
695 2411 765 2472 dare
787 2409 919 2471 membra
941 2409 1048 2488 quieti:

219 2524 340 2587 Nullum
361 2521 435 2586 ultra
459 2522 596 2594 verbnm,
619 2539 746 2600 namque
768 2521 842 2581 haec
863 2518 1018 2580 verissima
1039 2519 1118 2579 novi.

261 2635 315 2696 Vix
336 2633 410 2697 haec
432 2632 508 2694 latus
532 2638 607 2703 erat,
631 2630 730 2692 subito
754 2647 821 2690 cum
842 2629 922 2690 venit
943 2629 1088 2690 adaures

219 2745 357 2807 Proxima
379 2762 449 2804 vox:
471 2743 610 2804 Fortasse
632 2740 716 2820 prius
738 2738 791 2800 tibi
814 2739 900 2818 copia
922 2738 1018 2800 deerit

106 2866 108 2928 t
172 2864 204 2917 tto
221 2854 364 2929 Sideudi3
386 2853 421 2914 ad
444 2851 574 2913 sonitum
598 2850 683 2930 cujus
706 2849 905 2911 convertimus
928 2847 1016 2910 ambo

106 2931 109 3000 l
220 2965 359 3036 Lumina,
383 2969 413 3022 et
433 2981 450 3024 a
470 2961 552 3024 laeva
573 2978 676 3022 saxum
699 2959 906 3037 conspeximus
929 2958 1044 3034 ingens,

222 3075 275 3136 Cui
297 3090 396 3151 neque
419 3088 489 3149 ego,
513 3088 611 3149 neque
633 3070 692 3131 dux
714 3067 817 3130 oculos
840 3068 1004 3129 adverterat
1025 3075 1103 3128 ante.

220 3183 363 3264 Repimus
384 3181 458 3254 huc,
481 3179 648 3260 multaeque
670 3179 758 3248 isthic
781 3177 836 3238 sub
858 3176 987 3254 tegmine
1010 3175 1127 3237 stabant

220 3293 347 3354 Umbrae
369 3299 438 3371 post
459 3308 575 3361 saxum,
598 3297 631 3350 ut
652 3289 736 3368 queis
758 3286 857 3348 mollis
880 3286 985 3347 inertia
1007 3285 1113 3346 suadet

158 3404 323 3476 rustam,
347 3409 434 3480 atque
457 3419 493 3480 err
514 3399 572 3461 illis
592 3417 671 3462 unus
693 3398 886 3476 languescere
906 3395 989 3455 visus

220 3515 254 3575 ln
276 3511 348 3574 sede
370 3509 511 3572 haerebat
533 3507 705 3587 complexus
726 3523 824 3584 genua
845 3514 1009 3583 tenensque

220 3623 301 3684 llaec
322 3621 401 3696 inter
420 3621 532 3682 vultum
554 3618 726 3679 demissum.
748 3649 790 3660 -
813 3615 837 3676 0
860 3614 966 3676 blande
989 3613 1137 3691 magister,

219 3733 306 3794 Hunc
327 3728 435 3802 lustra,
458 3729 533 3801 dixi,
557 3728 608 3807 qui
630 3745 697 3789 sese
720 3725 820 3806 prodit
839 3725 965 3786 inertem

221 3843 274 3904 Sat
294 3839 377 3920 plus,
402 3857 491 3918 quam
513 3839 539 3900 si
561 3837 696 3918 pigrities
718 3854 805 3898 soror
826 3836 932 3896 afforet
953 3833 1021 3912 ipsi.

160 3959 205 4011 tub
263 3951 349 4012 'lunc
369 3949 541 4030 inspecturo
564 3947 716 4008 venientes
738 3946 812 4006 haec
832 3944 915 4024 prior
937 3943 978 4004 illi

222 4062 298 4124 Cura
319 4059 390 4132 luit,
411 4058 491 4119 risus
514 4057 608 4118 aciem
630 4073 800 4136 supponere
823 4072 913 4114 come

221 4171 301 4232 llaec
324 4169 430 4230 lando:
454 4166 522 4228 Tibi
543 4166 705 4246 praestanti
727 4163 929 4226 conscendere
951 4181 1005 4242 par
1027 4162 1075 4223 sit.

224 4281 307 4342 Tune
329 4275 402 4340 mihi
425 4295 516 4346 nosse
537 4275 689 4337 bominem
710 4273 807 4347 licuit,
830 4292 886 4333 nec
906 4271 1053 4352 plurimus
1076 4286 1178 4346 angor,
1252 4263 1256 4269 “

223 4389 279 4462 Qui
303 4387 428 4466 cogebat
449 4386 547 4447 adbuc
568 4385 714 4455 animam,
739 4383 869 4445 celerare
890 4399 1058 4463 parumper,
