3282 5404
341 569 401 631 ³70
788 567 922 618 rtutotst
939 567 1014 619 ml.

405 787 566 868 Experiere
589 786 662 848 alias
684 787 821 861 chordas,
843 794 888 848 tot
908 793 941 848 ut
962 787 1028 867 ipse
1050 793 1185 848 remittas

405 897 511 971 Voces,
535 905 607 977 quot
630 899 750 958 tacitum
771 896 826 959 tibi
848 895 988 958 dentibus
1009 895 1066 961 iste
1088 895 1251 958 momordit

406 1008 514 1070 Pectus
537 1025 629 1068 amor.
652 1039 692 1054 -
714 1006 781 1068 Non
803 1023 851 1067 rne
872 1004 956 1068 latuit
978 1023 1063 1070 mens
1085 1014 1188 1068 sancte
1209 1005 1341 1086 petentis

356 1123 389 1176 do
406 1117 528 1180 Coelum
549 1117 676 1196 aquilae,
700 1135 788 1196 quam
810 1115 947 1178 Christus
968 1123 1053 1189 amat,
1078 1115 1150 1198 quin
1172 1115 1262 1176 immo
1285 1115 1424 1190 videbam,

407 1227 473 1300 Quo
495 1225 650 1290 moliretur
671 1227 860 1306 profitentem
882 1225 1039 1300 adducere,
1063 1236 1093 1288 et
1112 1225 1247 1304 inquom:

405 1336 449 1397 Ad
472 1355 619 1400 summum
641 1335 811 1416 quicunqne
831 1335 931 1397 valent
953 1353 1005 1396 cor
1025 1341 1140 1398 vertere
1161 1342 1287 1414 patrem,

406 1446 532 1519 Morsus,
556 1453 707 1506 certarunt
728 1445 817 1507 istum
839 1445 911 1506 mihi
934 1444 1052 1506 inurere
1075 1462 1215 1506 amorem.

405 1554 507 1617 blundi
530 1563 633 1616 natura
654 1565 743 1636 atque
766 1553 823 1616 mei
846 1573 937 1628 mors,
962 1573 1049 1634 quiam
1071 1555 1135 1635 ipse
1158 1553 1274 1627 subivit,

358 1675 391 1728 55
408 1664 445 1726 Ut
466 1665 582 1727 fruerer
601 1663 668 1737 rita,
691 1673 722 1726 ct
744 1664 824 1744 quod
846 1673 948 1744 sperat
969 1664 1091 1726 nomine
1114 1663 1223 1727 Christi

408 1774 552 1856 Quisque,
575 1782 607 1836 ut
628 1791 693 1854 ego,
715 1775 821 1847 fidens,
844 1783 873 1834 et
896 1793 972 1853 quae
994 1773 1078 1835 oordi
1099 1773 1181 1836 intus
1202 1773 1338 1837 inhaeret

407 1884 542 1963 Cognitio
564 1884 637 1945 mibi
660 1884 747 1958 dicta,
770 1883 883 1964 obliqui
906 1902 943 1946 ex
963 1885 1075 1946 vortice
1098 1884 1207 1945 amoris

408 1995 453 2056 lla
477 1993 564 2056 traxit
585 1993 719 2074 rectique
740 1993 825 2055 dedit
846 1994 1018 2072 contingere
1040 1991 1147 2073 ripam.

408 2104 493 2165 Nunc
515 2104 586 2165 solia
608 2103 722 2166 oeterni
743 2111 806 2164 toto
829 2103 996 2168 frondentia
1019 2102 1049 2164 in
1073 2102 1160 2166 horto

359 2228 392 2280 oo
410 2212 539 2275 Cultoris
561 2213 634 2274 mibi
656 2213 780 2274 amando
802 2231 879 2287 reor,
902 2221 990 2293 prout
1010 2213 1132 2291 largitor
1152 2213 1209 2276 ists

409 2324 440 2386 ls
461 2324 561 2385 donat.
583 2355 621 2370 ··-
646 2323 807 2402 Postquam
831 2323 918 2397 tacui,
941 2322 1113 2384 dulcissima
1135 2323 1220 2386 coelo

409 2434 573 2495 Insonuere
595 2431 680 2504 mele,
704 2442 734 2496 et
754 2432 843 2494 simul
865 2441 911 2494 est
930 2432 1083 2496 modulata
1104 2433 1246 2507 anrnrx,

409 2542 468 2604 Ter
489 2542 634 2623 plaudens
656 2543 778 2606 Soracte.
821 2544 864 2604 Ac
885 2542 974 2604 ueluti
997 2541 1053 2604 sub
1074 2542 1186 2608 lumine
1207 2551 1293 2605 scuto

408 2652 492 2714 lllico
515 2671 638 2714 somnus
661 2653 730 2725 abir,
753 2662 832 2714 mota
855 2652 962 2714 virtute
983 2652 1081 2716 ciente

359 2774 392 2827 65
409 2762 521 2834 Visum,
545 2781 620 2841 quae
641 2762 745 2841 rapide
768 2762 937 2840 splendoris
959 2762 996 2826 ad
1018 2762 1093 2826 ostia
1115 2762 1207 2824 currit

408 2872 567 2933 Insinuens
588 2870 707 2936 tunicis.
730 2871 833 2950 etqui
856 2871 1078 2951 expergiscitur,
1101 2872 1204 2934 horret

410 2981 522 3044 Cuncta
543 2981 606 3042 suis
628 2980 761 3061 subjecta
783 2979 887 3051 oculis,
909 2988 969 3042 um
989 2981 1110 3043 nescius
1131 2981 1182 3046 ille
1203 2989 1251 3044 ost

409 3091 559 3170 Evigilaus
581 3090 690 3165 subito,
713 3090 783 3152 dum
804 3089 847 3152 illi
869 3109 1044 3156 succurrere
1065 3098 1164 3152 cesset

409 3200 558 3262 iudicium
579 3201 704 3262 mentis:
726 3207 896 3261 nostrorum
919 3199 960 3261 ita
980 3199 1096 3280 depulit
1115 3219 1233 3262 omnem

359 3323 393 3374 7⁰
409 3311 520 3372 Labern
543 3311 637 3372 oculis
660 3311 719 3372 dux
739 3310 805 3373 dira
828 3310 891 3371 suis
911 3309 1095 3372 radiantibus
1116 3309 1192 3372 ultra

408 3421 563 3496 lugentem
584 3428 720 3482 tractum.
764 3419 819 3481 llic
840 3419 948 3481 melius
968 3419 1041 3480 mibi
1064 3420 1151 3499 copia
1173 3420 1254 3482 visum

409 3529 505 3603 Quam
526 3529 609 3610 prius
632 3530 753 3591 affulsit.
797 3531 872 3590 Tum
894 3529 990 3594 victus
1010 3547 1106 3610 poene
1128 3538 1260 3608 stupore,

384 3692 386 3695 .
409 3639 482 3700 Cum
503 3658 597 3718 prope
619 3657 676 3699 nos
698 3639 834 3718 quartum
854 3638 997 3700 vidissem
1019 3639 1132 3718 luigero
1156 3639 1264 3712 lumen,

408 3747 490 3829 Illam
514 3749 653 3821 scitabar‚
675 3767 750 3828 quae
772 3741 818 3809 sio
838 3756 886 3809 est
907 3767 959 3809 ore
980 3749 1094 3810 locuta:

360 3873 392 3927 75
409 3859 472 3920 Hac
493 3859 547 3920 sub
570 3859 635 3920 luoe
658 3877 743 3920 suum
765 3867 915 3920 auctorem
937 3858 1061 3919 miratur
1082 3867 1113 3922 et
1134 3859 1224 3932 ardet,

411 3969 493 4043 Quae
514 3968 599 4049 prior
619 3969 774 4029 aethereas
792 3967 894 4029 'anima
915 3978 961 4028 est
982 3967 1092 4032 emissa
1114 3968 1169 4029 sub
1192 3987 1289 4044 auras,

411 4080 505 4152 Quam
527 4079 661 4158 quemvis
682 4075 796 4157 primae
817 4077 935 4139 virtutis
955 4078 1057 4139 dextra
1079 4078 1196 4140 crearit.

453 4189 490 4250 Ut
510 4189 604 4262 frons,
627 4198 821 4268 quaerente
844 4186 1089 4266 praeterlabente,
1111 4187 1236 4252 reclinat

412 4298 574 4370 Summum,
596 4297 666 4358 dein
687 4297 857 4376 propriori
879 4296 988 4374 surgit:
1012 4297 1057 4358 sic
1079 4315 1143 4376 ego,
1166 4299 1257 4359 lentis

361 4419 395 4473 80
411 4407 473 4472 Sub
493 4407 582 4469 verba
603 4407 772 4482 admirans;
794 4405 863 4468 dein
884 4425 932 4470 me
953 4407 1063 4469 fiducia
1084 4408 1165 4487 cepit

409 4520 475 4582 Jem
498 4517 648 4578 desiderio
668 4516 821 4578 ardentem
842 4533 908 4577 mea
929 4533 1068 4596 pumen
1089 4535 1195 4593 sousa3
