3362 5414
256 2032 289 2092 et
316 2022 512 2097 divendendi
536 2023 869 2098 honorificentissime
893 2021 1068 2096 offerretur
1089 2031 1123 2096 et
1145 2021 1369 2098 mandaretur.
1405 2009 1503 2107 Quod

256 2140 389 2237 quidem
403 2165 537 2235 munus,
553 2151 587 2216 et
612 2144 701 2242 quod
727 2143 798 2240 ipse
825 2141 954 2216 divinae
981 2141 1092 2238 poesis
1119 2165 1231 2216 amore
1258 2142 1380 2216 mirum
1399 2165 1504 2240 quan·

256 2268 326 2332 tum
354 2268 470 2331 teneor
496 2270 529 2334 et
551 2261 639 2360 quod
664 2263 753 2336 nullo
770 2286 838 2336 non
860 2271 1009 2361 tempore
1032 2259 1140 2334 studia
1161 2259 1360 2358 optimarum
1383 2259 1504 2332 artium

143 2427 146 2434 ,
256 2386 347 2476 parte'
363 2399 422 2473 pro
440 2377 525 2451 virili
547 2378 618 2475 juvi
637 2390 671 2452 et
686 2379 846 2476 promovi,
874 2379 982 2452 animo
1005 2377 1224 2452 libentissimo
1249 2387 1440 2476 susceptum
1458 2378 1505 2452 ita

257 2488 431 2568 exsecutus
455 2521 540 2591 sum,
566 2508 602 2570 ut
627 2498 707 2572 nulii
732 2498 841 2572 officio
868 2521 921 2570 me
945 2496 1090 2569 defuisse
1117 2496 1265 2593 profiteri
1289 2496 1426 2593 possins

357 2613 479 2711 Accipe
498 2616 610 2710 igitur,
635 2616 797 2690 Pisonis
819 2615 1053 2710 sanamssm,
1081 2614 1179 2707 hanc,
1206 2639 1289 2714 quae
1307 2639 1380 2690 mea
1399 2614 1503 2712 quaii-

258 2757 387 2829 cunque
406 2758 505 2833 opera
520 2734 554 2806 in
573 2734 742 2830 publicum
756 2735 879 2832 prodit,
900 2734 1033 2806 maximi
1050 2744 1167 2832 poetae
1188 2733 1291 2807 italici
1308 2734 1503 2832 interpreta-

257 2852 382 2923 tionem
404 2851 573 2944 Latinam,
607 2853 719 2952 accipe
751 2877 870 2926 serena
900 2853 1029 2945 fronte,
1061 2851 1156 2952 aequi
1183 2853 1328 2949 bonique
1355 2852 1504 2950 consule,

258 2969 358 3042 rebus
387 2971 470 3044 meis
501 2970 610 3042 favere
639 2995 741 3070 perge
772 2980 868 3070 atque
894 2971 930 3042 in
957 2971 1103 3045 nominis
1136 2970 1291 3044 Saxonici
1329 2993 1504 3044 ornamen-

259 3098 347 3182 tum,
374 3089 629 3184 incrementum,
662 3091 921 3164 emolumentum
943 3090 999 3163 diu
1022 3089 1131 3164 salvus
1160 3100 1193 3162 et
1219 3089 1395 3164 incolumis
1419 3089 1504 3186 vive,

259 3208 351 3304 vige,
378 3204 480 3282 flore!

360 3343 487 3440 Scripsi
507 3341 640 3439 Lipsiae
667 3342 780 3420 ldihus
801 3342 967 3420 ianuariis
989 3368 1018 3418 a.
1047 3343 1153 3420 1848.

898 4203 1005 4288 fluil.
1032 4203 1225 4289 inires.
1251 4202 1402 4288 Barth.
