3236 5394
562 565 756 618 tunuuuottttlt
775 567 837 615 tull.

141 795 185 850 145
203 785 378 864 Tempestas
400 783 544 856 violenta,
568 783 645 844 acris
667 790 838 862 prosternet
858 783 890 844 in
911 801 982 862 agro

202 894 315 956 Piceno
339 900 468 954 armatas
491 892 571 955 acies
594 893 649 953 sub
671 893 789 953 turbine
811 892 922 967 belli;.

205 1005 303 1078 Quare
324 997 505 1082 improvisus
527 1001 666 1064 nebulam
688 1001 754 1080 ipse
776 1001 945 1081 abrumpet,
969 1010 999 1063 et
1018 1003 1116 1064 Annos

206 1113 340 1192 Quisque
362 1130 447 1172 suum
468 1111 574 1172 vulnus
595 1111 807 1172 lacrimabitur.
830 1145 872 1155 -
892 1111 973 1172 Haec
995 1131 1050 1191 ego
1073 1113 1142 1186 diri,

204 1223 242 1283 Ut
262 1222 317 1283 tibi
339 1221 401 1282 sint
421 1221 530 1282 misere
552 1228 715 1300 noctesque
737 1221 860 1300 diesque
883 1221 1019 1283 dolenda.

683 1481 779 1562 XXV.

247 1661 341 1724 Verba
365 1660 420 1720 sub
443 1659 499 1720 ista
522 1677 627 1722 manus
650 1660 698 1720 lor
720 1659 842 1732 tollens,
865 1660 974 1739 pollice
996 1661 1144 1741 utrimque

205 1773 320 1834 lnserto
343 1771 374 1830 in
397 1769 523 1847 digitos:
547 1769 639 1847 Cape,
663 1768 717 1841 ait,
740 1769 835 1843 Deus;
857 1769 931 1830 baec
953 1770 1007 1831 tibi
1029 1772 1138 1851 pando.

207 1883 368 1961 Serpentes
389 1879 480 1940 habui
502 1886 572 1958 post
593 1878 664 1939 illud
687 1885 804 1957 tempus
826 1879 946 1952 amicas,

205 1992 338 2070 Namque
358 2007 417 2050 una
439 2007 475 2048 ex
496 1988 557 2048 illis
579 1988 687 2048 collum
710 1988 863 2067 complexa
886 1989 1029 2063 cohaesit,

174 2101 259 2164 bllis
280 2099 371 2162 veluti
394 2105 545 2176 argueret:
569 2097 661 2170 Nolo,
685 2097 825 2160 ulteriora
848 2099 980 2177 loquare.

204 2211 329 2272 Brachia
352 2208 518 2287 corripiens
540 2206 710 2286 ingentibus
732 2207 824 2269 altera
846 2207 936 2287 spiris

205 2321 318 2394 vinxit,
343 2319 387 2380 sic
410 2337 476 2380 sese
497 2324 582 2396 parte
604 2316 751 2378 anteriore
773 2325 959 2396 retorquens,

153 2493 157 2500 ,
208 2431 242 2492 Ut
263 2430 290 2490 vi
315 2447 382 2490 cum
404 2428 520 2506 gemina
541 2427 620 2487 haud
642 2435 723 2486 esset
744 2435 847 2488 nutare
867 2435 1012 2507 potestas.

247 2540 292 2601 dh
314 2538 386 2599 urbs
408 2536 539 2610 Pistori,
561 2534 633 2596 urbs
655 2534 784 2596 Pistori!
808 2537 867 2597 Cur
889 2537 942 2598 tibi
964 2539 1095 2599 nondum

161 2657 191 2708 lt
207 2650 327 2712 Solvere
349 2641 383 2709 te'
400 2647 431 2708 iu
452 2655 558 2707 tenues
580 2647 685 2706 suadet
705 2664 790 2706 mens
812 2654 892 2707 certa
915 2648 1039 2722 favillas,
1075 2671 1081 2680 ·

206 2760 335 2822 Ulterius
358 2776 396 2819 ne
415 2757 477 2838 jam
500 2751 613 2817 dures?
634 2755 708 2816 Nam
729 2757 861 2834 pessima
883 2777 986 2818 semen

209 2869 304 2931 Omne
327 2875 408 2930 tuum
430 2885 554 2946 superas
576 2865 664 2926 tactis
686 2865 826 2946 ausisque
848 2867 995 2928 nefandis.

210 2979 338 3039 Cunctos
361 2995 416 3056 per
437 2976 535 3037 circos
556 2974 633 3053 nigri
656 2975 783 3052 caligine
803 2976 911 3038 Averni

209 3089 295 3150 Nulla
316 3088 410 3148 Deum
433 3093 535 3147 contra
558 3084 603 3144 sic
624 3084 704 3146 vultu
727 3084 803 3147 elata
826 3085 955 3164 superbo

164 3200 193 3254 15
209 3197 319 3260 Umbra
340 3196 414 3258 mibi
436 3195 499 3256 visa
521 3202 582 3268 est3
605 3213 665 3254 non
688 3193 768 3255 illius
791 3195 894 3256 umbra
916 3196 1041 3274 tyranni,

212 3308 307 3380 Quem
330 3305 476 3367 cecidisse
498 3306 597 3366 terunt
619 3303 777 3365 Thebanae
799 3322 835 3364 ex
855 3304 1012 3366 moenibus
1035 3305 1121 3366 arcis.

251 3417 281 3478 ls
304 3415 349 3476 sio
370 3415 501 3493 diffugit,
523 3413 645 3476 verbum
667 3425 699 3474 ut
720 3432 780 3473 non
801 3413 924 3474 adderet
944 3432 1053 3490 unum3

209 3526 305 3605 Atque
327 3542 381 3602 ego
404 3531 576 3586 centaunmt
597 3523 726 3585 stimulis
748 3520 903 3584 furialibus
924 3531 1022 3584 actum

210 3635 276 3696 Vidi
299 3615 520 3707 occursantem,
542 3652 650 3712 magno
673 3634 802 3694 clamore
824 3640 993 3711 rogantem:

164 3755 195 3806 2⁰
212 3746 294 3819 Quo,
318 3763 376 3824 quo
398 3744 547 3825 proripuit
568 3763 616 3818 se,
640 3762 699 3822 quo
721 3743 771 3805 ille
794 3742 888 3805 evasit
909 3741 1057 3806 acerbus?

210 3855 311 3928 Nulla,
333 3873 418 3926 reor,
440 3853 532 3915 maris
556 3873 607 3915 ora
629 3853 685 3915 luit
705 3860 749 3914 tot
769 3853 858 3932 plena
881 3853 1020 3926 colubris,

213 3966 308 4038 Quam
331 3963 422 4024 multa
444 3963 514 4024 huic
535 3962 637 4024 clunes
660 3971 832 4041 serpentum
853 3962 938 4024 turba
959 3962 1087 4041 tegebat,

213 4074 367 4164 Quatenus
388 4067 535 4134 humanae
558 4073 715 4153 conjuncta
738 4080 784 4133 est
805 4074 898 4134 lomna
921 4072 1026 4134 lerina.

212 4182 288 4244 Huic
309 4165 449 4244 humeros
472 4200 575 4262 supra,
599 4191 719 4263 etpost
741 4183 816 4243 colla
835 4182 956 4263 Jacebat
976 4190 1094 4261 apertas

164 4298 195 4352 at
211 4291 358 4353 Attollens
380 4291 442 4352 alas
465 4293 570 4364 draco,
594 4299 699 4352 cuncta
723 4291 808 4355 obvia
830 4292 968 4354 adurens

256 4401 349 4463 Coeus
373 4400 399 4461 is
422 4410 482 4475 est,
505 4400 603 4482 inquit
623 4401 759 4480 sapiens,
783 4401 833 4481 qui
856 4420 945 4482 saepe
968 4408 1119 4464 cruentam

211 4509 294 4572 Fecit
315 4510 453 4574 Aventini
474 4511 585 4572 montis
607 4511 662 4572 sub
684 4529 758 4590 mpe
779 4511 925 4572 lacunam.
