3282 5404
612 531 746 581 PdlldlllSl
765 532 822 581 lllll.

159 763 205 814 llo
221 749 284 810 lllos
308 749 405 810 luerat
427 748 575 826 quondam
598 748 704 826 gladiis
727 749 837 810 bellare
861 751 1009 824 oruends3

220 857 323 919 Nostri
345 857 422 919 bollo
445 864 551 936 geroni
572 857 717 936 rapiendo
740 859 811 920 hino
831 858 901 920 iude
924 860 1020 921 dolosi

221 966 341 1040 Panem,
365 984 453 1046 quem
476 967 550 1027 nulli
572 967 666 1046 patris
688 967 738 1046 pio
761 968 880 1030 deutera
902 968 1020 1032 claudit.

262 1079 301 1140 At
321 1087 362 1150 tu,
385 1075 435 1156 qui
458 1076 564 1138 scribis
586 1085 699 1138 tuntum
722 1078 822 1140 delere
844 1090 976 1157 perotus,

220 1187 253 1248 ld
277 1195 374 1248 tonum
397 1194 519 1265 reputo,
542 1187 592 1264 qui
613 1187 775 1266 profudere
798 1173 935 1250 errrorem

158 1299 204 1353 120
221 1297 285 1358 Hoc
307 1315 361 1376 pro
383 1295 492 1368 vineto,
516 1296 594 1375 quod
617 1303 649 1357 tn
670 1304 786 1358 vestare
806 1296 937 1372 laboras,

219 1407 258 1468 Εῑ
279 1407 399 1467 Petrum
422 1415 453 1466 et
472 1404 596 1466 Poulnm
620 1424 739 1485 quoque
760 1425 841 1468 nuuc
862 1408 1043 1486 protendere
1065 1410 1163 1485 rilem,

221 1515 362 1590 Quamvis
384 1514 443 1576 hoo
465 1515 562 1576 dions:
585 1515 656 1576 Mihi
674 1515 737 1596 jam
760 1525 922 1579 statueris
945 1519 1088 1593 voluntas,

218 1625 304 1688 lllunr
327 1625 445 1697 sectari,
467 1625 516 1687 oui
537 1624 634 1686 visum
656 1625 820 1688 nutrivere
843 1627 911 1701 soli,

219 1736 258 1798 Et
279 1735 363 1814 eujus
386 1735 584 1814 solvit.oaput
605 1754 622 1796 a
643 1735 759 1797 nervice
781 1736 933 1798 revulsum

157 1851 202 1906 125
219 1845 278 1908 Pro
302 1845 379 1908 saltu
400 1844 528 1924 prelium
550 1844 623 1906 lessi
646 1845 725 1906 inler
745 1845 867 1908 voluero
889 1847 1047 1921 Christum,

218 1956 281 2018 Neo
303 1954 476 2028 Piscatoris‚
499 1973 598 2033 nequo
618 1953 703 2016 Pauli
725 1955 846 2017 nomina
867 1956 946 2046 nori.
1060 2031 1066 2052 ·

706 2223 792 2306 XlX.

261 2406 336 2466 Anto
359 2402 463 2465 oeulos
486 2402 588 2464 aderol
607 2402 710 2481 pensis
732 2402 932 2481 pulcherrima
955 2404 1051 2483 imago

219 2513 291 2587 Alis,
305 2512 585 2592 'exhilaranspleni
607 2513 638 2574 in
660 2501 817 2574 dulcedine
839 2513 927 2590 gaudi

221 2625 381 2688 oonserns
403 2622 528 2696 unimus,
551 2640 676 2703 quorum
697 2622 771 2684 mihi
794 2621 909 2700 singulo
932 2641 1040 2703 parvus

221 2733 289 2796 Visa
311 2751 442 2812 pyropus
465 2740 536 2804 orat,
560 2733 604 2794 sio
625 2733 781 2794 llemmons
803 2732 877 2794 solis
900 2733 936 2794 ob
959 2733 1037 2810 igne,

187 2843 259 2905 out
279 2842 352 2904 mihi
374 2842 405 2902 in
428 2842 569 2903 adversos
591 2842 695 2903 oeulos
716 2842 894 2921 refringeret
914 2842 1008 2904 illnor.

220 2953 255 3015 El
280 2951 357 3032 quod
380 2969 448 3012 mox
469 2971 545 3031 opus
567 2959 614 3014 est
634 2953 708 3014 mihi
730 2952 862 3032 pingere,
885 2952 964 3014 nulla
988 2954 1100 3014 referre

218 3065 282 3125 Vox
303 3081 374 3124 auso
397 3068 444 3122 ost
464 3079 604 3140 unquam,
628 3062 707 3122 nullo
730 3081 860 3140 unquam
882 3061 1016 3123 seribere
1037 3063 1148 3137 dextro,

219 3174 281 3235 Neo
302 3172 400 3252 potuit
420 3171 514 3232 virtus
536 3170 751 3249 comprendere
772 3171 899 3232 Daedala
922 3171 1041 3232 mentis.

262 3281 409 3362 Conspoxi
432 3279 589 3359 audivique
611 3279 699 3340 simul
722 3289 852 3342 rostrum
874 3280 963 3342 edere
984 3280 1073 3342 verbo

173 3409 204 3460 lo
220 3395 261 3454 de
283 3410 424 3454 resonare
446 3390 544 3454 Meum
565 3390 662 3463 simul,
685 3397 715 3451 ot
737 3390 784 3452 Me
805 3397 920 3468 gullure
943 3390 1044 3465 lautis,

220 3503 284 3566 llos
306 3502 367 3576 ubi,
389 3501 435 3562 rel
457 3499 604 3565 Nostrum
624 3519 693 3562 vere
715 3499 863 3562 sententio
885 3501 993 3580 posuit.

219 3613 258 3675 El
279 3612 394 3691 coepit:
418 3610 505 3684 Quod
526 3611 586 3672 vito
607 3611 657 3690 pie
679 3617 820 3692 casteque
843 3621 962 3689 pernota

219 3724 274 3784 Est
294 3721 378 3794 mihi,
401 3729 481 3782 nnno
502 3721 592 3782 islhio
614 3720 805 3800 splendorem
828 3720 917 3782 tollor
938 3721 974 3782 od
997 3722 1096 3792 istum,

221 3832 279 3906 Qui
302 3830 451 3892 desiderio
473 3830 552 3892 houd
573 3830 685 3909 palilur
706 3849 739 3891 se
760 3830 873 3892 viueier
894 3831 971 3905 ullo;

174 3947 203 4000 15
219 3943 253 4003 ln
276 3941 364 4003 terris
385 3957 421 4001 no
443 3947 523 4002 tonia
544 3940 604 4002 mei
625 3949 815 4003 monumento
838 3940 955 4020 reliqui,

222 4052 257 4113 Ut
278 4059 382 4129 gentes
404 4051 479 4112 odeo
501 4065 609 4128 provee
631 4069 697 4112 meo
719 4050 840 4113 nornine
861 4051 982 4112 laudent

218 4162 256 4223 El
276 4169 375 4222 tamen
398 4159 564 4239 exemplum
586 4161 708 4238 lugiunt„
751 4160 803 4224 Sio
823 4159 960 4240 pluribus
981 4177 1058 4220 unus

220 4271 354 4334 Sentitur
375 4269 458 4333 color
480 4287 514 4332 ox
536 4270 651 4349 prunis,
671 4270 761 4332 veluti
782 4289 859 4332 unus
881 4287 1013 4331 umorum

219 4379 376 4442 Multorum
400 4399 493 4441 sonus
514 4380 612 4456 effigie
633 4380 772 4444 veniebat
793 4381 829 4442 oh
852 4380 920 4442 islo.

170 4508 203 4559 20
263 4490 362 4563 Quare
384 4509 439 4569 ego
461 4498 548 4554 tuno:
572 4489 597 4552 0
619 4497 773 4554 aetornum
794 4490 945 4552 vernantis
968 4489 998 4551 in
1021 4509 1124 4551 aerum
1247 4499 1252 4508 '
