3236 5394
721 513 1058 524 ——m

571 568 763 620 turuuuouuu
781 569 856 620 XXVI.

116 661 261 670 -.-—-—-

165 805 198 860 05
216 786 272 847 Hic
293 806 341 849 me
364 794 563 865 spectantem,
586 787 744 848 adveniant
763 788 833 848 dum
855 806 964 850 cornua
986 789 1131 862 flammae,

215 897 262 957 Me
285 896 445 974 prohibere
466 915 559 957 mora.
603 897 672 975 lpse
693 897 795 969 vides,
820 907 851 956 ut
872 915 997 975 corpore
1019 916 1114 976 prono

218 1007 311 1066 Totus
334 1006 371 1066 ad
394 1005 443 1066 illa
465 1007 554 1066 feror.
576 1038 618 1050 —-
641 1006 724 1066 Tunc
747 1013 848 1067 contra
871 1006 979 1067 talibus
1002 1007 1066 1067 ille:

217 1115 394 1177 Laudandus
417 1132 472 1192 ego
494 1115 582 1176 laudo
605 1133 711 1194 preces
733 1123 763 1174 et
783 1115 905 1193 dignor,
927 1122 1030 1176 atone

215 1224 313 1286 Edere
334 1224 423 1284 verba
444 1231 495 1284 tuo
519 1224 565 1284 sac
587 1243 710 1303 pareas,
732 1242 780 1284 me
802 1224 867 1286 sine
888 1223 1018 1301 linguam

103 1335 106 1430 1
168 1349 200 1399 7⁰
218 1334 360 1406 Solvere3
381 1333 442 1414 jam
465 1333 551 1404 novi,
575 1333 684 1412 cupido
707 1334 777 1413 quid
799 1341 921 1412 pectore
942 1351 1059 1394 verses:

217 1443 292 1504 Nam
314 1442 483 1504 fastidirent
504 1444 591 1504 Gnau
614 1451 642 1502 te
665 1443 741 1502 forte
763 1443 943 1522 loquentem.

260 1553 341 1630 Ignis
363 1561 396 1613 ut
416 1552 549 1625 advenit,
573 1553 679 1613 doctor
700 1563 876 1631 tempusque
897 1552 1054 1632 locumque

218 1661 346 1741 Arripit,
370 1661 539 1740 audivitque
562 1661 629 1722 istis
651 1661 730 1721 himo
751 1661 874 1722 vocibus
897 1681 1014 1723 orsum:

219 1772 244 1832 0
267 1790 335 1844 voe,
359 1771 409 1850 qui
432 1770 541 1848 gemini
564 1771 619 1832 sub
641 1771 757 1830 flamma
781 1770 919 1831 inceditis
940 1791 1007 1844 uua,

170 1884 201 1938 75
219 1881 251 1942 Si
274 1880 344 1961 quid
368 1881 405 1941 de
426 1878 511 1940 vobis
533 1878 642 1951 merui,
666 1879 735 1940 dum
757 1880 815 1940 vita
836 1880 983 1954 manebat,

220 1989 357 2052 Carmina
379 2007 445 2050 oum
468 1989 577 2068 scripsi
599 1987 751 2062 sublimia,
775 1989 873 2050 sistite
895 2008 1038 2067 gressum,

219 2101 256 2162 Et
276 2099 379 2170 nobis,
404 2098 434 2158 in
456 2116 512 2177 qna
536 2097 680 2158 occiderit
701 2097 871 2177 deperditus
895 2118 955 2173 ora,

103 2249 106 2276 t
218 2210 368 2271 Alteruter
389 2216 543 2269 memoret.
565 2242 605 2252 —
629 2208 782 2268 Concusso
803 2208 913 2268 vertice
935 2208 1030 2288 majus

103 2321 107 2377 t
220 2319 366 2398 Antiquae
389 2335 481 2378 cornu
502 2319 638 2378 flammae
660 2309 779 2390 notare,
802 2336 977 2397 sonumque,

172 2440 203 2494 80
220 2429 302 2490 More
325 2427 488 2490 laborantis
511 2427 606 2489 ventis
628 2427 798 2488 afflantibus
820 2426 907 2504 ignis,

221 2539 351 2611 Mittere,
375 2537 483 2597 deiude
505 2536 620 2616 apicem
642 2536 712 2597 hinc
734 2544 822 2616 atque
845 2536 913 2597 inde
937 2535 1085 2609 evolvere,
1108 2545 1247 2616 tanquam

220 2649 334 2727 Lingua
356 2645 514 2708 esset'sari
536 2645 648 2718 nitens,
672 2665 706 2706 ac
728 2645 855 2724 denique
875 2665 979 2708 vocem

221 2758 338 2839 Ejioere
360 2757 408 2817 his
430 2755 528 2817 verbis
550 2775 651 2816 usam:
676 2756 741 2829 Quo
764 2764 898 2834 tempore
921 2755 997 2816 abivi

222 2867 247 2928 Α
270 2868 381 2941 Cluen,
404 2865 513 2927 multos
536 2885 611 2944 quae
633 2883 680 2926 me
700 2873 847 2926 remorata
870 2884 924 2944 per
945 2883 1038 2927 annos

174 2984 206 3037 85
224 2977 354 3039 Cumana
376 2975 487 3047 tenuit,
511 2974 558 3034 cui
581 2974 711 3036 nondum
733 2975 854 3036 nomina
876 2983 972 3038 terrae

106 3102 108 3151 t
223 3086 340 3147 Annuus
364 3085 500 3157 dederat3
524 3103 578 3144 nec
600 3083 697 3145 dulcia
718 3084 843 3164 pignora
865 3085 937 3156 nati,

222 3196 284 3257 Nec
306 3194 399 3274 patris
423 3193 538 3272 antiqui
560 3193 670 3272 pietas,
693 3213 749 3254 nec
770 3193 869 3255 debita
891 3212 969 3265 eura,

224 3306 285 3366 Neo
307 3303 357 3382 qui
377 3303 476 3383 justus
498 3321 583 3368 amon
602 3320 649 3363 me
671 3303 831 3364 laetificare
849 3300 974 3381 jubebat

107 3482 109 3492 Ι
224 3414 417 3485 Pannnoran,
442 3421 556 3474 aestum
577 3419 738 3492 potuerunt
757 3411 876 3472 vincere
898 3410 998 3472 cordis

176 3532 208 3583 to
223 3523 363 3586 Ardentis
384 3523 494 3584 multos
516 3541 570 3601 per
592 3530 685 3583 terras
708 3537 959 3591 commemores,

224 3633 442 3710 Multorumque
464 3631 618 3693 hominum
640 3631 761 3692 virtutes
783 3647 931 3710 pravaque
953 3628 1044 3690 saeta:

226 3742 342 3820 Perque
363 3750 468 3820 patens
490 3741 581 3802 altum
603 3741 685 3802 solus
707 3759 754 3801 me
777 3739 899 3801 credere
921 3737 1041 3818 cymbae

226 3851 311 3913 Haud
334 3850 432 3924 timui,
455 3869 544 3930 parva
567 3851 707 3912 comitum
729 3849 858 3928 stipante
880 3853 1005 3921 caterva,

228 3961 311 4033 Quae
333 3978 381 4021 me
403 3960 552 4020 desertum
574 3978 724 4039 nunquam
745 3959 881 4020 malefida
902 3956 1032 4036 reliquit.

179 4077 210 4132 95
225 4070 377 4150 Hispanos
400 4087 495 4149 usque
517 4069 553 4130 ad
575 4068 703 4149 populos
725 4087 779 4147 ego
800 4068 884 4129 littus
905 4075 1062 4146 utrumque

227 4179 304 4241 Vidi.
347 4165 417 4241 Non
435 4179 514 4251 utri,
538 4179 650 4243 Sardoa
672 4196 728 4240 nec
750 4177 847 4240 insula
869 4187 989 4239 nostros

228 4289 367 4368 Effugere
390 4289 508 4362 oculos,
532 4307 588 4350 nec
610 4306 685 4368 quos
707 4285 904 4349 circumalluit
923 4285 1012 4348 undis

229 4399 313 4461 lllius
337 4416 389 4460 ora
410 4398 511 4460 maris.
556 4397 686 4460 Tardum
707 4415 755 4458 me
776 4395 885 4457 debilis
907 4406 988 4458 aetas

229 4509 369 4583 Fecerat,
392 4519 422 4570 et
443 4508 568 4570 comites
589 4515 674 4580 tuno,
698 4525 764 4568 cum
786 4507 862 4568 treta
882 4504 1030 4585 tangimus
1052 4504 1112 4565 illa.
