<?xml version="1.0" encoding="UTF-8"?>
<!DOCTYPE html PUBLIC "-//W3C//DTD XHTML 1.0 Transitional//EN"
    "http://www.w3.org/TR/xhtml1/DTD/xhtml1-transitional.dtd">
<html xmlns="http://www.w3.org/1999/xhtml" xml:lang="en" lang="en">
 <head>
  <title>
</title>
<meta http-equiv="Content-Type" content="text/html;charset=utf-8" />
  <meta name='ocr-system' content='tesseract 3.04.00' />
  <meta name='ocr-capabilities' content='ocr_page ocr_carea ocr_par ocr_line ocrx_word'/>
</head>
<body>
  <div class='ocr_page' id='page_1' title='image "./divinacomoedia01piazgoog_0164.png"; bbox 0 0 3236 5394; ppageno 0'>
   <div class='ocr_carea' id='block_1_1' title="bbox 554 573 1271 641">
    <p class='ocr_par' dir='ltr' id='par_1_1' title="bbox 554 573 1271 641">
     <span class='ocr_line' id='line_1_1' title="bbox 554 573 1271 641; baseline 0.026 -18"><span class='ocrx_word' id='word_1_1' title='bbox 554 573 748 625; x_wconf 79' lang='lat' dir='ltr'><strong>ruinnuonuu</strong></span> <span class='ocrx_word' id='word_1_2' title='bbox 766 575 864 625; x_wconf 80' lang='lat' dir='ltr'><strong>rivin.</strong></span> <span class='ocrx_word' id='word_1_3' title='bbox 1211 577 1271 641; x_wconf 80' lang='lat'><strong>1⁰7</strong></span> 
     </span>
    </p>
   </div>
   <div class='ocr_carea' id='block_1_2' title="bbox 155 792 1160 4596">
    <p class='ocr_par' dir='ltr' id='par_1_2' title="bbox 206 792 1066 1200">
     <span class='ocr_line' id='line_1_2' title="bbox 206 792 1005 872; baseline 0 -16"><span class='ocrx_word' id='word_1_4' title='bbox 206 795 328 872; x_wconf 83' lang='lat' dir='ltr'><strong>Magnas</strong></span> <span class='ocrx_word' id='word_1_5' title='bbox 350 792 486 866; x_wconf 82' lang='lat' dir='ltr'><strong>exuvies,</strong></span> <span class='ocrx_word' id='word_1_6' title='bbox 509 802 654 856; x_wconf 82' lang='lat' dir='ltr'><strong>memorat</strong></span> <span class='ocrx_word' id='word_1_7' title='bbox 676 811 750 872; x_wconf 91' lang='lat' dir='ltr'><strong>quas</strong></span> <span class='ocrx_word' id='word_1_8' title='bbox 771 793 872 855; x_wconf 87' lang='lat' dir='ltr'><strong>Livius</strong></span> <span class='ocrx_word' id='word_1_9' title='bbox 894 803 1005 868; x_wconf 83' lang='lat' dir='ltr'><strong>auetnr,</strong></span> 
     </span>
     <span class='ocr_line' id='line_1_3' title="bbox 208 903 1066 983; baseline 0.001 -18"><span class='ocrx_word' id='word_1_10' title='bbox 208 904 266 978; x_wconf 93' lang='lat' dir='ltr'><strong>Qui</strong></span> <span class='ocrx_word' id='word_1_11' title='bbox 289 921 440 983; x_wconf 89' lang='lat' dir='ltr'><strong>nunquam</strong></span> <span class='ocrx_word' id='word_1_12' title='bbox 462 903 587 977; x_wconf 77' lang='lat' dir='ltr'><strong>errarit3</strong></span> <span class='ocrx_word' id='word_1_13' title='bbox 609 903 697 964; x_wconf 93' lang='lat' dir='ltr'><strong>simul</strong></span> <span class='ocrx_word' id='word_1_14' title='bbox 720 910 750 966; x_wconf 92' lang='lat' dir='ltr'><strong>et</strong></span> <span class='ocrx_word' id='word_1_15' title='bbox 770 903 940 965; x_wconf 80' lang='lat' dir='ltr'><strong>miserabile</strong></span> <span class='ocrx_word' id='word_1_16' title='bbox 962 906 1066 982; x_wconf 76' lang='lat' dir='ltr'><strong>vulgus</strong></span> 
     </span>
     <span class='ocr_line' id='line_1_4' title="bbox 207 1012 1003 1092; baseline -0.001 -17"><span class='ocrx_word' id='word_1_17' title='bbox 207 1015 287 1075; x_wconf 90' lang='lat' dir='ltr'><strong>Ictus</strong></span> <span class='ocrx_word' id='word_1_18' title='bbox 311 1021 465 1092; x_wconf 83' lang='lat' dir='ltr'><strong>expertum</strong></span> <span class='ocrx_word' id='word_1_19' title='bbox 486 1012 602 1086; x_wconf 77' lang='lat' dir='ltr'><strong>tristes,</strong></span> <span class='ocrx_word' id='word_1_20' title='bbox 626 1013 696 1074; x_wconf 90' lang='lat' dir='ltr'><strong>dum</strong></span> <span class='ocrx_word' id='word_1_21' title='bbox 719 1031 821 1073; x_wconf 88' lang='lat' dir='ltr'><strong>arcere</strong></span> <span class='ocrx_word' id='word_1_22' title='bbox 842 1013 1003 1074; x_wconf 82' lang='lat' dir='ltr'><strong>Rnnenruu</strong></span> 
     </span>
     <span class='ocr_line' id='line_1_5' title="bbox 208 1121 958 1200; baseline -0.001 -15"><span class='ocrx_word' id='word_1_23' title='bbox 208 1125 397 1185; x_wconf 77' lang='lat' dir='ltr'><strong>Gurscnnnuir</strong></span> <span class='ocrx_word' id='word_1_24' title='bbox 419 1122 525 1200; x_wconf 87' lang='lat' dir='ltr'><strong>patriis</strong></span> <span class='ocrx_word' id='word_1_25' title='bbox 546 1122 678 1184; x_wconf 75' lang='lat' dir='ltr'>certabat</span> <span class='ocrx_word' id='word_1_26' title='bbox 699 1121 809 1185; x_wconf 90' lang='lat' dir='ltr'><strong>finibus</strong></span> <span class='ocrx_word' id='word_1_27' title='bbox 831 1123 958 1196; x_wconf 86' lang='lat' dir='ltr'><strong>hostem,</strong></span> 
     </span>
    </p>

    <p class='ocr_par' dir='ltr' id='par_1_3' title="bbox 162 1231 1132 1751">
     <span class='ocr_line' id='line_1_6' title="bbox 162 1231 1117 1313; baseline -0.001 -19"><span class='ocrx_word' id='word_1_28' title='bbox 162 1243 191 1296; x_wconf 83' lang='lat'><strong>15</strong></span> <span class='ocrx_word' id='word_1_29' title='bbox 207 1233 243 1294; x_wconf 86' lang='lat' dir='ltr'><strong>Et</strong></span> <span class='ocrx_word' id='word_1_30' title='bbox 264 1232 426 1313; x_wconf 88' lang='lat' dir='ltr'><strong>reliquum,</strong></span> <span class='ocrx_word' id='word_1_31' title='bbox 450 1231 534 1311; x_wconf 90' lang='lat' dir='ltr'><strong>cujus</strong></span> <span class='ocrx_word' id='word_1_32' title='bbox 557 1232 729 1294; x_wconf 74' lang='lat' dir='ltr'><strong>Gurunrnus</strong></span> <span class='ocrx_word' id='word_1_33' title='bbox 752 1249 831 1292; x_wconf 92' lang='lat' dir='ltr'><strong>nuuc</strong></span> <span class='ocrx_word' id='word_1_34' title='bbox 853 1251 971 1311; x_wconf 88' lang='lat' dir='ltr'><strong>qnoque</strong></span> <span class='ocrx_word' id='word_1_35' title='bbox 994 1251 1117 1312; x_wconf 88' lang='lat' dir='ltr'><strong>campus</strong></span> 
     </span>
     <span class='ocr_line' id='line_1_7' title="bbox 209 1341 1132 1421; baseline 0 -19"><span class='ocrx_word' id='word_1_36' title='bbox 209 1342 285 1404; x_wconf 82' lang='lat' dir='ltr'>Ossa</span> <span class='ocrx_word' id='word_1_37' title='bbox 307 1341 395 1419; x_wconf 83' lang='lat' dir='ltr'><strong>tegit,</strong></span> <span class='ocrx_word' id='word_1_38' title='bbox 418 1341 544 1402; x_wconf 84' lang='lat' dir='ltr'><strong>mendax</strong></span> <span class='ocrx_word' id='word_1_39' title='bbox 563 1341 615 1402; x_wconf 92' lang='lat' dir='ltr'><strong>ubi</strong></span> <span class='ocrx_word' id='word_1_40' title='bbox 638 1350 701 1404; x_wconf 84' lang='lat' dir='ltr'><strong>erat</strong></span> <span class='ocrx_word' id='word_1_41' title='bbox 721 1341 847 1402; x_wconf 91' lang='lat' dir='ltr'><strong>nimium</strong></span> <span class='ocrx_word' id='word_1_42' title='bbox 867 1341 1001 1421; x_wconf 78' lang='lat' dir='ltr'>Appulus</span> <span class='ocrx_word' id='word_1_43' title='bbox 1024 1341 1132 1413; x_wconf 91' lang='lat' dir='ltr'><strong>cmuis,</strong></span> 
     </span>
     <span class='ocr_line' id='line_1_8' title="bbox 206 1450 986 1522; baseline -0.003 -8"><span class='ocrx_word' id='word_1_44' title='bbox 206 1453 244 1514; x_wconf 83' lang='lat' dir='ltr'><strong>Et</strong></span> <span class='ocrx_word' id='word_1_45' title='bbox 265 1453 435 1513; x_wconf 72' lang='lat' dir='ltr'><strong>Turnacum</strong></span> <span class='ocrx_word' id='word_1_46' title='bbox 457 1460 540 1514; x_wconf 81' lang='lat' dir='ltr'><strong>treus</strong></span> <span class='ocrx_word' id='word_1_47' title='bbox 563 1469 682 1522; x_wconf 91' lang='lat' dir='ltr'><strong>arcem,</strong></span> <span class='ocrx_word' id='word_1_48' title='bbox 705 1450 757 1512; x_wconf 94' lang='lat' dir='ltr'><strong>ubi</strong></span> <span class='ocrx_word' id='word_1_49' title='bbox 777 1450 891 1511; x_wconf 85' lang='lat' dir='ltr'><strong>viribus</strong></span> <span class='ocrx_word' id='word_1_50' title='bbox 912 1469 986 1514; x_wconf 90' lang='lat' dir='ltr'><strong>usus</strong></span> 
     </span>
     <span class='ocr_line' id='line_1_9' title="bbox 206 1559 928 1639; baseline -0.004 -16"><span class='ocrx_word' id='word_1_51' title='bbox 206 1564 361 1623; x_wconf 85' lang='lat' dir='ltr'><strong>Armorum</strong></span> <span class='ocrx_word' id='word_1_52' title='bbox 384 1559 475 1622; x_wconf 87' lang='lat' dir='ltr'><strong>nullis</strong></span> <span class='ocrx_word' id='word_1_53' title='bbox 496 1560 568 1622; x_wconf 88' lang='lat' dir='ltr'><strong>vicit</strong></span> <span class='ocrx_word' id='word_1_54' title='bbox 589 1559 748 1639; x_wconf 81' lang='lat' dir='ltr'><strong>longaevus</strong></span> <span class='ocrx_word' id='word_1_55' title='bbox 769 1560 928 1635; x_wconf 75' lang='lat' dir='ltr'><strong>Auienus3</strong></span> 
     </span>
     <span class='ocr_line' id='line_1_10' title="bbox 206 1670 978 1751; baseline -0.001 -18"><span class='ocrx_word' id='word_1_56' title='bbox 206 1678 302 1751; x_wconf 82' lang='lat' dir='ltr'><strong>Atque</strong></span> <span class='ocrx_word' id='word_1_57' title='bbox 324 1672 374 1732; x_wconf 92' lang='lat' dir='ltr'><strong>bic</strong></span> <span class='ocrx_word' id='word_1_58' title='bbox 395 1671 550 1750; x_wconf 76' lang='lat' dir='ltr'><strong>perfossos</strong></span> <span class='ocrx_word' id='word_1_59' title='bbox 573 1677 695 1730; x_wconf 86' lang='lat' dir='ltr'><strong>trunens</strong></span> <span class='ocrx_word' id='word_1_60' title='bbox 718 1671 903 1743; x_wconf 87' lang='lat' dir='ltr'><strong>ostenderet,</strong></span> <span class='ocrx_word' id='word_1_61' title='bbox 928 1670 978 1732; x_wconf 79' lang='lat' dir='ltr'><strong>iile</strong></span> 
     </span>
    </p>

    <p class='ocr_par' dir='ltr' id='par_1_4' title="bbox 158 1778 1137 2298">
     <span class='ocr_line' id='line_1_11' title="bbox 158 1778 947 1858; baseline -0.009 -11"><span class='ocrx_word' id='word_1_62' title='bbox 158 1797 190 1847; x_wconf 76' lang='lat' dir='ltr'><strong>uu</strong></span> <span class='ocrx_word' id='word_1_63' title='bbox 206 1784 309 1844; x_wconf 87' lang='lat' dir='ltr'><strong>Artus:</strong></span> <span class='ocrx_word' id='word_1_64' title='bbox 333 1781 375 1842; x_wconf 88' lang='lat' dir='ltr'><strong>nil</strong></span> <span class='ocrx_word' id='word_1_65' title='bbox 397 1781 503 1841; x_wconf 87' lang='lat' dir='ltr'><strong>borum</strong></span> <span class='ocrx_word' id='word_1_66' title='bbox 526 1799 622 1843; x_wconf 86' lang='lat' dir='ltr'><strong>nonae</strong></span> <span class='ocrx_word' id='word_1_67' title='bbox 645 1778 819 1841; x_wconf 82' lang='lat' dir='ltr'><strong>foedissima</strong></span> <span class='ocrx_word' id='word_1_68' title='bbox 840 1781 947 1858; x_wconf 78' lang='lat' dir='ltr'><strong>bulgae</strong></span> 
     </span>
     <span class='ocr_line' id='line_1_12' title="bbox 207 1889 1027 1973; baseline -0.006 -18"><span class='ocrx_word' id='word_1_69' title='bbox 207 1891 359 1973; x_wconf 80' lang='lat' dir='ltr'>Supplicia</span> <span class='ocrx_word' id='word_1_70' title='bbox 383 1897 533 1969; x_wconf 86' lang='lat' dir='ltr'><strong>aequaret.</strong></span> <span class='ocrx_word' id='word_1_71' title='bbox 577 1889 643 1950; x_wconf 85' lang='lat' dir='ltr'><strong>Non</strong></span> <span class='ocrx_word' id='word_1_72' title='bbox 666 1889 711 1950; x_wconf 93' lang='lat' dir='ltr'><strong>sic</strong></span> <span class='ocrx_word' id='word_1_73' title='bbox 731 1892 868 1968; x_wconf 80' lang='lat' dir='ltr'><strong>perfossa</strong></span> <span class='ocrx_word' id='word_1_74' title='bbox 889 1889 1027 1951; x_wconf 86' lang='lat' dir='ltr'><strong>videntur</strong></span> 
     </span>
     <span class='ocr_line' id='line_1_13' title="bbox 206 1999 1054 2081; baseline -0.005 -17"><span class='ocrx_word' id='word_1_75' title='bbox 206 2002 304 2075; x_wconf 85' lang='lat' dir='ltr'><strong>Delia,</strong></span> <span class='ocrx_word' id='word_1_76' title='bbox 329 2000 413 2081; x_wconf 85' lang='lat' dir='ltr'><strong>queis</strong></span> <span class='ocrx_word' id='word_1_77' title='bbox 436 2000 533 2062; x_wconf 85' lang='lat' dir='ltr'><strong>media</strong></span> <span class='ocrx_word' id='word_1_78' title='bbox 556 2008 674 2060; x_wconf 87' lang='lat' dir='ltr'><strong>estant</strong></span> <span class='ocrx_word' id='word_1_79' title='bbox 696 1999 797 2062; x_wconf 87' lang='lat' dir='ltr'><strong>intima</strong></span> <span class='ocrx_word' id='word_1_80' title='bbox 819 1999 928 2062; x_wconf 87' lang='lat' dir='ltr'><strong>lamina</strong></span> <span class='ocrx_word' id='word_1_81' title='bbox 952 1999 1054 2061; x_wconf 78' lang='lat' dir='ltr'><strong>subter</strong></span> 
     </span>
     <span class='ocr_line' id='line_1_14' title="bbox 205 2109 1137 2189; baseline -0.002 -17"><span class='ocrx_word' id='word_1_82' title='bbox 205 2111 337 2184; x_wconf 89' lang='lat' dir='ltr'><strong>Amissa,</strong></span> <span class='ocrx_word' id='word_1_83' title='bbox 360 2119 393 2170; x_wconf 90' lang='lat' dir='ltr'><strong>ut</strong></span> <span class='ocrx_word' id='word_1_84' title='bbox 415 2109 535 2189; x_wconf 89' lang='lat' dir='ltr'><strong>quidam</strong></span> <span class='ocrx_word' id='word_1_85' title='bbox 558 2128 574 2170; x_wconf 88' lang='lat' dir='ltr'><strong>a</strong></span> <span class='ocrx_word' id='word_1_86' title='bbox 595 2117 696 2170; x_wconf 88' lang='lat' dir='ltr'><strong>mento</strong></span> <span class='ocrx_word' id='word_1_87' title='bbox 717 2128 814 2188; x_wconf 92' lang='lat' dir='ltr'><strong>usque</strong></span> <span class='ocrx_word' id='word_1_88' title='bbox 836 2110 872 2170; x_wconf 85' lang='lat' dir='ltr'><strong>ad</strong></span> <span class='ocrx_word' id='word_1_89' title='bbox 894 2109 1012 2189; x_wconf 90' lang='lat' dir='ltr'><strong>pudicis</strong></span> <span class='ocrx_word' id='word_1_90' title='bbox 1035 2109 1137 2170; x_wconf 89' lang='lat' dir='ltr'><strong>orbem</strong></span> 
     </span>
     <span class='ocr_line' id='line_1_15' title="bbox 207 2217 1060 2298; baseline -0.004 -16"><span class='ocrx_word' id='word_1_91' title='bbox 207 2221 342 2293; x_wconf 90' lang='lat' dir='ltr'><strong>Scissus,</strong></span> <span class='ocrx_word' id='word_1_92' title='bbox 366 2219 417 2298; x_wconf 93' lang='lat' dir='ltr'><strong>qui</strong></span> <span class='ocrx_word' id='word_1_93' title='bbox 440 2217 513 2279; x_wconf 91' lang='lat' dir='ltr'><strong>mibi</strong></span> <span class='ocrx_word' id='word_1_94' title='bbox 535 2219 730 2298; x_wconf 88' lang='lat' dir='ltr'><strong>spectandum</strong></span> <span class='ocrx_word' id='word_1_95' title='bbox 753 2237 821 2280; x_wconf 90' lang='lat' dir='ltr'><strong>sese</strong></span> <span class='ocrx_word' id='word_1_96' title='bbox 843 2218 950 2280; x_wconf 87' lang='lat' dir='ltr'><strong>obtulit</strong></span> <span class='ocrx_word' id='word_1_97' title='bbox 971 2219 1060 2280; x_wconf 88' lang='lat' dir='ltr'><strong>ultro.</strong></span> 
     </span>
    </p>

    <p class='ocr_par' dir='ltr' id='par_1_5' title="bbox 158 2328 1105 2740">
     <span class='ocr_line' id='line_1_16' title="bbox 158 2328 982 2408; baseline -0.006 -14"><span class='ocrx_word' id='word_1_98' title='bbox 158 2340 190 2394; x_wconf 71' lang='lat'><strong>25</strong></span> <span class='ocrx_word' id='word_1_99' title='bbox 205 2329 349 2392; x_wconf 85' lang='lat' dir='ltr'><strong>intestina</strong></span> <span class='ocrx_word' id='word_1_100' title='bbox 372 2329 452 2390; x_wconf 87' lang='lat' dir='ltr'><strong>iuter</strong></span> <span class='ocrx_word' id='word_1_101' title='bbox 472 2346 557 2389; x_wconf 84' lang='lat' dir='ltr'><strong>crura</strong></span> <span class='ocrx_word' id='word_1_102' title='bbox 579 2328 649 2390; x_wconf 88' lang='lat' dir='ltr'><strong>huic</strong></span> <span class='ocrx_word' id='word_1_103' title='bbox 670 2328 830 2408; x_wconf 91' lang='lat' dir='ltr'><strong>pendentia</strong></span> <span class='ocrx_word' id='word_1_104' title='bbox 854 2329 982 2402; x_wconf 89' lang='lat' dir='ltr'><strong>stabant,</strong></span> 
     </span>
     <span class='ocr_line' id='line_1_17' title="bbox 206 2437 1004 2519; baseline -0.005 -17"><span class='ocrx_word' id='word_1_105' title='bbox 206 2441 339 2519; x_wconf 80' lang='lat' dir='ltr'><strong>Extaque</strong></span> <span class='ocrx_word' id='word_1_106' title='bbox 362 2458 428 2501; x_wconf 89' lang='lat' dir='ltr'><strong>cum</strong></span> <span class='ocrx_word' id='word_1_107' title='bbox 450 2437 530 2499; x_wconf 90' lang='lat' dir='ltr'><strong>tristi</strong></span> <span class='ocrx_word' id='word_1_108' title='bbox 551 2445 684 2500; x_wconf 83' lang='lat' dir='ltr'><strong>vertente</strong></span> <span class='ocrx_word' id='word_1_109' title='bbox 706 2438 738 2499; x_wconf 91' lang='lat' dir='ltr'><strong>in</strong></span> <span class='ocrx_word' id='word_1_110' title='bbox 759 2446 892 2499; x_wconf 88' lang='lat' dir='ltr'><strong>stercora</strong></span> <span class='ocrx_word' id='word_1_111' title='bbox 914 2455 1004 2500; x_wconf 86' lang='lat' dir='ltr'><strong>sacco</strong></span> 
     </span>
     <span class='ocr_line' id='line_1_18' title="bbox 209 2546 1105 2630; baseline -0.004 -18"><span class='ocrx_word' id='word_1_112' title='bbox 209 2549 358 2630; x_wconf 82' lang='lat' dir='ltr'><strong>Quidquid</strong></span> <span class='ocrx_word' id='word_1_113' title='bbox 382 2548 508 2628; x_wconf 89' lang='lat' dir='ltr'><strong>quisque</strong></span> <span class='ocrx_word' id='word_1_114' title='bbox 530 2547 641 2622; x_wconf 86' lang='lat' dir='ltr'><strong>haurit,</strong></span> <span class='ocrx_word' id='word_1_115' title='bbox 665 2547 754 2609; x_wconf 90' lang='lat' dir='ltr'><strong>nobis</strong></span> <span class='ocrx_word' id='word_1_116' title='bbox 776 2548 932 2610; x_wconf 82' lang='lat' dir='ltr'><strong>maniiesta</strong></span> <span class='ocrx_word' id='word_1_117' title='bbox 954 2546 1105 2627; x_wconf 84' lang='lat' dir='ltr'><strong>patebant.</strong></span> 
     </span>
     <span class='ocr_line' id='line_1_19' title="bbox 206 2656 1047 2740; baseline -0.005 -18"><span class='ocrx_word' id='word_1_118' title='bbox 206 2663 301 2740; x_wconf 80' lang='lat' dir='ltr'><strong>Atque</strong></span> <span class='ocrx_word' id='word_1_119' title='bbox 322 2658 372 2720; x_wconf 92' lang='lat' dir='ltr'><strong>bic</strong></span> <span class='ocrx_word' id='word_1_120' title='bbox 394 2659 464 2719; x_wconf 89' lang='lat' dir='ltr'><strong>dnm</strong></span> <span class='ocrx_word' id='word_1_121' title='bbox 486 2665 626 2737; x_wconf 88' lang='lat' dir='ltr'><strong>spectans</strong></span> <span class='ocrx_word' id='word_1_122' title='bbox 648 2657 807 2724; x_wconf 79' lang='lat' dir='ltr'><strong>haerebam</strong></span> <span class='ocrx_word' id='word_1_123' title='bbox 830 2667 909 2720; x_wconf 85' lang='lat' dir='ltr'><strong>totus</strong></span> <span class='ocrx_word' id='word_1_124' title='bbox 932 2656 962 2718; x_wconf 93' lang='lat' dir='ltr'><strong>in</strong></span> <span class='ocrx_word' id='word_1_125' title='bbox 985 2656 1047 2731; x_wconf 88' lang='lat' dir='ltr'><strong>illo,</strong></span> 
     </span>
    </p>

    <p class='ocr_par' dir='ltr' id='par_1_6' title="bbox 206 2766 1030 2848">
     <span class='ocr_line' id='line_1_20' title="bbox 206 2766 1030 2848; baseline -0.004 -17"><span class='ocrx_word' id='word_1_126' title='bbox 206 2769 235 2832; x_wconf 92' lang='lat' dir='ltr'><strong>Is</strong></span> <span class='ocrx_word' id='word_1_127' title='bbox 257 2788 305 2830; x_wconf 90' lang='lat' dir='ltr'><strong>me</strong></span> <span class='ocrx_word' id='word_1_128' title='bbox 327 2767 509 2848; x_wconf 86' lang='lat' dir='ltr'><strong>respiciens,</strong></span> <span class='ocrx_word' id='word_1_129' title='bbox 533 2766 671 2829; x_wconf 87' lang='lat' dir='ltr'><strong>manibus</strong></span> <span class='ocrx_word' id='word_1_130' title='bbox 693 2767 751 2829; x_wconf 90' lang='lat' dir='ltr'><strong>sibi</strong></span> <span class='ocrx_word' id='word_1_131' title='bbox 773 2777 895 2848; x_wconf 87' lang='lat' dir='ltr'><strong>pectora</strong></span> <span class='ocrx_word' id='word_1_132' title='bbox 918 2767 1030 2847; x_wconf 84' lang='lat' dir='ltr'><strong>pandit,</strong></span> 
     </span>
    </p>

    <p class='ocr_par' dir='ltr' id='par_1_7' title="bbox 158 2877 1143 3390">
     <span class='ocr_line' id='line_1_21' title="bbox 158 2877 983 2952; baseline -0.001 -12"><span class='ocrx_word' id='word_1_133' title='bbox 158 2896 190 2947; x_wconf 82' lang='lat' dir='ltr'><strong>au</strong></span> <span class='ocrx_word' id='word_1_134' title='bbox 207 2879 257 2940; x_wconf 87' lang='lat' dir='ltr'><strong>Sic</strong></span> <span class='ocrx_word' id='word_1_135' title='bbox 280 2879 371 2940; x_wconf 80' lang='lat' dir='ltr'><strong>tatus:</strong></span> <span class='ocrx_word' id='word_1_136' title='bbox 396 2879 506 2950; x_wconf 84' lang='lat' dir='ltr'><strong>Cerne,</strong></span> <span class='ocrx_word' id='word_1_137' title='bbox 530 2886 563 2938; x_wconf 89' lang='lat' dir='ltr'><strong>ut</strong></span> <span class='ocrx_word' id='word_1_138' title='bbox 583 2877 680 2942; x_wconf 87' lang='lat' dir='ltr'><strong>lanier</strong></span> <span class='ocrx_word' id='word_1_139' title='bbox 701 2877 862 2939; x_wconf 83' lang='lat' dir='ltr'><strong>crudeliter</strong></span> <span class='ocrx_word' id='word_1_140' title='bbox 884 2889 983 2952; x_wconf 81' lang='lat' dir='ltr'><strong>artus3</strong></span> 
     </span>
     <span class='ocr_line' id='line_1_22' title="bbox 205 2986 1027 3068; baseline -0.002 -18"><span class='ocrx_word' id='word_1_141' title='bbox 205 2988 329 3068; x_wconf 79' lang='lat' dir='ltr'><strong>Aspice,</strong></span> <span class='ocrx_word' id='word_1_142' title='bbox 353 2995 385 3048; x_wconf 89' lang='lat' dir='ltr'><strong>ut</strong></span> <span class='ocrx_word' id='word_1_143' title='bbox 406 2986 526 3048; x_wconf 83' lang='lat' dir='ltr'><strong>incedat</strong></span> <span class='ocrx_word' id='word_1_144' title='bbox 546 2986 669 3050; x_wconf 88' lang='lat' dir='ltr'><strong>mutilus</strong></span> <span class='ocrx_word' id='word_1_145' title='bbox 690 2987 873 3062; x_wconf 73' lang='lat' dir='ltr'><strong>Mueuerus3</strong></span> <span class='ocrx_word' id='word_1_146' title='bbox 896 2998 926 3050; x_wconf 90' lang='lat' dir='ltr'><strong>et</strong></span> <span class='ocrx_word' id='word_1_147' title='bbox 946 2988 1027 3048; x_wconf 84' lang='lat' dir='ltr'><strong>Anrx</strong></span> 
     </span>
     <span class='ocr_line' id='line_1_23' title="bbox 205 3095 950 3177; baseline -0.003 -17"><span class='ocrx_word' id='word_1_148' title='bbox 205 3097 294 3160; x_wconf 86' lang='lat' dir='ltr'><strong>Flcns</strong></span> <span class='ocrx_word' id='word_1_149' title='bbox 316 3115 388 3177; x_wconf 86' lang='lat' dir='ltr'><strong>prae</strong></span> <span class='ocrx_word' id='word_1_150' title='bbox 408 3115 456 3161; x_wconf 90' lang='lat' dir='ltr'><strong>me</strong></span> <span class='ocrx_word' id='word_1_151' title='bbox 478 3095 571 3176; x_wconf 87' lang='lat' dir='ltr'><strong>repit,</strong></span> <span class='ocrx_word' id='word_1_152' title='bbox 594 3096 728 3160; x_wconf 85' lang='lat' dir='ltr'><strong>diffissus</strong></span> <span class='ocrx_word' id='word_1_153' title='bbox 751 3097 877 3177; x_wconf 91' lang='lat' dir='ltr'><strong>turpiter</strong></span> <span class='ocrx_word' id='word_1_154' title='bbox 898 3116 950 3158; x_wconf 85' lang='lat' dir='ltr'><strong>ora</strong></span> 
     </span>
     <span class='ocr_line' id='line_1_24' title="bbox 205 3207 1143 3287; baseline -0.003 -18"><span class='ocrx_word' id='word_1_155' title='bbox 205 3209 228 3269; x_wconf 88' lang='lat' dir='ltr'><strong>A</strong></span> <span class='ocrx_word' id='word_1_156' title='bbox 250 3215 351 3268; x_wconf 90' lang='lat' dir='ltr'><strong>mento</strong></span> <span class='ocrx_word' id='word_1_157' title='bbox 375 3207 411 3267; x_wconf 85' lang='lat' dir='ltr'><strong>ad</strong></span> <span class='ocrx_word' id='word_1_158' title='bbox 434 3207 578 3281; x_wconf 78' lang='lat' dir='ltr'><strong>frontem3</strong></span> <span class='ocrx_word' id='word_1_159' title='bbox 602 3224 737 3286; x_wconf 85' lang='lat' dir='ltr'><strong>quosque</strong></span> <span class='ocrx_word' id='word_1_160' title='bbox 759 3207 822 3268; x_wconf 87' lang='lat' dir='ltr'><strong>illic</strong></span> <span class='ocrx_word' id='word_1_161' title='bbox 842 3207 1014 3287; x_wconf 82' lang='lat' dir='ltr'><strong>conspicis,</strong></span> <span class='ocrx_word' id='word_1_162' title='bbox 1039 3225 1143 3270; x_wconf 85' lang='lat' dir='ltr'><strong>omues</strong></span> 
     </span>
     <span class='ocr_line' id='line_1_25' title="bbox 205 3315 1005 3390; baseline -0.004 -12"><span class='ocrx_word' id='word_1_163' title='bbox 205 3317 257 3390; x_wconf 88' lang='lat' dir='ltr'><strong>Hi,</strong></span> <span class='ocrx_word' id='word_1_164' title='bbox 282 3317 351 3377; x_wconf 93' lang='lat' dir='ltr'><strong>dum</strong></span> <span class='ocrx_word' id='word_1_165' title='bbox 373 3315 431 3377; x_wconf 86' lang='lat' dir='ltr'><strong>ritu</strong></span> <span class='ocrx_word' id='word_1_166' title='bbox 454 3315 523 3388; x_wconf 75' lang='lat' dir='ltr'><strong>tuit,</strong></span> <span class='ocrx_word' id='word_1_167' title='bbox 547 3326 704 3378; x_wconf 77' lang='lat' dir='ltr'><strong>senuerunt</strong></span> <span class='ocrx_word' id='word_1_168' title='bbox 725 3317 884 3389; x_wconf 88' lang='lat' dir='ltr'><strong>scandala,</strong></span> <span class='ocrx_word' id='word_1_169' title='bbox 909 3315 1005 3378; x_wconf 88' lang='lat' dir='ltr'><strong>adorti</strong></span> 
     </span>
    </p>

    <p class='ocr_par' dir='ltr' id='par_1_8' title="bbox 158 3425 1112 3723">
     <span class='ocr_line' id='line_1_26' title="bbox 158 3425 1112 3499; baseline -0.003 -11"><span class='ocrx_word' id='word_1_170' title='bbox 158 3441 188 3494; x_wconf 80' lang='lat'><strong>35</strong></span> <span class='ocrx_word' id='word_1_171' title='bbox 206 3425 383 3488; x_wconf 77' lang='lat' dir='ltr'><strong>schismatis</strong></span> <span class='ocrx_word' id='word_1_172' title='bbox 407 3443 493 3486; x_wconf 90' lang='lat' dir='ltr'><strong>omne</strong></span> <span class='ocrx_word' id='word_1_173' title='bbox 515 3425 610 3487; x_wconf 75' lang='lat' dir='ltr'><strong>netas.</strong></span> <span class='ocrx_word' id='word_1_174' title='bbox 655 3426 754 3499; x_wconf 86' lang='lat' dir='ltr'><strong>Quare</strong></span> <span class='ocrx_word' id='word_1_175' title='bbox 776 3425 821 3486; x_wconf 92' lang='lat' dir='ltr'><strong>sic</strong></span> <span class='ocrx_word' id='word_1_176' title='bbox 842 3425 938 3486; x_wconf 87' lang='lat' dir='ltr'><strong>scissa</strong></span> <span class='ocrx_word' id='word_1_177' title='bbox 959 3425 1112 3488; x_wconf 84' lang='lat' dir='ltr'><strong>trahentes</strong></span> 
     </span>
     <span class='ocr_line' id='line_1_27' title="bbox 204 3534 1078 3614; baseline -0.002 -18"><span class='ocrx_word' id='word_1_178' title='bbox 204 3535 336 3596; x_wconf 88' lang='lat' dir='ltr'><strong>Membra</strong></span> <span class='ocrx_word' id='word_1_179' title='bbox 358 3534 401 3594; x_wconf 92' lang='lat' dir='ltr'><strong>illi</strong></span> <span class='ocrx_word' id='word_1_180' title='bbox 424 3542 593 3596; x_wconf 86' lang='lat' dir='ltr'><strong>occurrunt.</strong></span> <span class='ocrx_word' id='word_1_181' title='bbox 636 3535 729 3596; x_wconf 87' lang='lat' dir='ltr'><strong>istbic</strong></span> <span class='ocrx_word' id='word_1_182' title='bbox 751 3543 821 3614; x_wconf 87' lang='lat' dir='ltr'><strong>post</strong></span> <span class='ocrx_word' id='word_1_183' title='bbox 842 3544 923 3614; x_wconf 84' lang='lat' dir='ltr'><strong>terga</strong></span> <span class='ocrx_word' id='word_1_184' title='bbox 945 3543 1078 3597; x_wconf 85' lang='lat' dir='ltr'><strong>moratur</strong></span> 
     </span>
     <span class='ocr_line' id='line_1_28' title="bbox 205 3643 1003 3723; baseline -0.001 -16"><span class='ocrx_word' id='word_1_185' title='bbox 205 3646 352 3718; x_wconf 84' lang='lat' dir='ltr'><strong>Daemon,</strong></span> <span class='ocrx_word' id='word_1_186' title='bbox 377 3643 426 3723; x_wconf 93' lang='lat' dir='ltr'><strong>qui</strong></span> <span class='ocrx_word' id='word_1_187' title='bbox 449 3643 560 3704; x_wconf 83' lang='lat' dir='ltr'><strong>scindit</strong></span> <span class='ocrx_word' id='word_1_188' title='bbox 581 3661 638 3704; x_wconf 86' lang='lat' dir='ltr'><strong>nus</strong></span> <span class='ocrx_word' id='word_1_189' title='bbox 659 3652 720 3705; x_wconf 87' lang='lat' dir='ltr'><strong>tam</strong></span> <span class='ocrx_word' id='word_1_190' title='bbox 742 3645 902 3708; x_wconf 87' lang='lat' dir='ltr'><strong>crudeliter</strong></span> <span class='ocrx_word' id='word_1_191' title='bbox 922 3663 1003 3718; x_wconf 89' lang='lat' dir='ltr'><strong>ense,</strong></span> 
     </span>
    </p>

    <p class='ocr_par' dir='ltr' id='par_1_9' title="bbox 206 3753 1130 3944">
     <span class='ocr_line' id='line_1_29' title="bbox 206 3753 994 3818; baseline -0.001 -2"><span class='ocrx_word' id='word_1_192' title='bbox 206 3756 306 3816; x_wconf 84' lang='lat' dir='ltr'><strong>Turba</strong></span> <span class='ocrx_word' id='word_1_193' title='bbox 329 3755 366 3815; x_wconf 91' lang='lat' dir='ltr'><strong>de</strong></span> <span class='ocrx_word' id='word_1_194' title='bbox 387 3765 489 3818; x_wconf 84' lang='lat' dir='ltr'><strong>nestra</strong></span> <span class='ocrx_word' id='word_1_195' title='bbox 510 3772 628 3814; x_wconf 93' lang='lat' dir='ltr'><strong>rursum</strong></span> <span class='ocrx_word' id='word_1_196' title='bbox 652 3753 706 3814; x_wconf 91' lang='lat' dir='ltr'><strong>sub</strong></span> <span class='ocrx_word' id='word_1_197' title='bbox 728 3755 850 3818; x_wconf 87' lang='lat' dir='ltr'><strong>vulnera</strong></span> <span class='ocrx_word' id='word_1_198' title='bbox 872 3755 994 3816; x_wconf 89' lang='lat' dir='ltr'><strong>mittens</strong></span> 
     </span>
     <span class='ocr_line' id='line_1_30' title="bbox 206 3861 1130 3944; baseline -0.002 -19"><span class='ocrx_word' id='word_1_199' title='bbox 206 3866 408 3944; x_wconf 82' lang='lat' dir='ltr'><strong>Quemquam,</strong></span> <span class='ocrx_word' id='word_1_200' title='bbox 431 3861 483 3924; x_wconf 94' lang='lat' dir='ltr'><strong>ubi</strong></span> <span class='ocrx_word' id='word_1_201' title='bbox 507 3863 590 3924; x_wconf 88' lang='lat' dir='ltr'><strong>triste</strong></span> <span class='ocrx_word' id='word_1_202' title='bbox 614 3862 677 3924; x_wconf 84' lang='lat' dir='ltr'><strong>viae</strong></span> <span class='ocrx_word' id='word_1_203' title='bbox 699 3864 827 3944; x_wconf 84' lang='lat' dir='ltr'><strong>spatium</strong></span> <span class='ocrx_word' id='word_1_204' title='bbox 850 3866 1000 3927; x_wconf 83' lang='lat' dir='ltr'><strong>revolutus</strong></span> <span class='ocrx_word' id='word_1_205' title='bbox 1022 3863 1130 3937; x_wconf 79' lang='lat' dir='ltr'><strong>obirit3</strong></span> 
     </span>
    </p>

    <p class='ocr_par' dir='ltr' id='par_1_10' title="bbox 158 3972 1160 4375">
     <span class='ocr_line' id='line_1_31' title="bbox 158 3972 1160 4054; baseline -0.003 -17"><span class='ocrx_word' id='word_1_206' title='bbox 158 3985 189 4039; x_wconf 82' lang='lat'><strong>40</strong></span> <span class='ocrx_word' id='word_1_207' title='bbox 204 3974 331 4036; x_wconf 80' lang='lat' dir='ltr'><strong>Vulnera</strong></span> <span class='ocrx_word' id='word_1_208' title='bbox 353 3991 481 4052; x_wconf 88' lang='lat' dir='ltr'><strong>namque</strong></span> <span class='ocrx_word' id='word_1_209' title='bbox 503 3972 586 4050; x_wconf 89' lang='lat' dir='ltr'><strong>prius</strong></span> <span class='ocrx_word' id='word_1_210' title='bbox 610 3981 732 4048; x_wconf 89' lang='lat' dir='ltr'><strong>coeunt,</strong></span> <span class='ocrx_word' id='word_1_211' title='bbox 756 3993 844 4054; x_wconf 88' lang='lat' dir='ltr'><strong>quam</strong></span> <span class='ocrx_word' id='word_1_212' title='bbox 866 3975 937 4035; x_wconf 90' lang='lat' dir='ltr'><strong>huic</strong></span> <span class='ocrx_word' id='word_1_213' title='bbox 958 3973 1063 4036; x_wconf 85' lang='lat' dir='ltr'><strong>obvius</strong></span> <span class='ocrx_word' id='word_1_214' title='bbox 1085 3973 1160 4036; x_wconf 90' lang='lat' dir='ltr'><strong>alter</strong></span> 
     </span>
     <span class='ocr_line' id='line_1_32' title="bbox 203 4082 1047 4164; baseline 0 -20"><span class='ocrx_word' id='word_1_215' title='bbox 203 4083 273 4145; x_wconf 85' lang='lat' dir='ltr'><strong>Fiat</strong></span> <span class='ocrx_word' id='word_1_216' title='bbox 293 4100 441 4161; x_wconf 81' lang='lat' dir='ltr'><strong>regressu.</strong></span> <span class='ocrx_word' id='word_1_217' title='bbox 485 4084 524 4143; x_wconf 92' lang='lat' dir='ltr'><strong>At</strong></span> <span class='ocrx_word' id='word_1_218' title='bbox 545 4082 611 4162; x_wconf 90' lang='lat' dir='ltr'><strong>quis</strong></span> <span class='ocrx_word' id='word_1_219' title='bbox 633 4091 681 4157; x_wconf 87' lang='lat' dir='ltr'><strong>tu,</strong></span> <span class='ocrx_word' id='word_1_220' title='bbox 705 4083 753 4162; x_wconf 90' lang='lat' dir='ltr'><strong>qui</strong></span> <span class='ocrx_word' id='word_1_221' title='bbox 778 4085 810 4146; x_wconf 92' lang='lat' dir='ltr'><strong>in</strong></span> <span class='ocrx_word' id='word_1_222' title='bbox 830 4085 941 4146; x_wconf 78' lang='lat' dir='ltr'><strong>vertice</strong></span> <span class='ocrx_word' id='word_1_223' title='bbox 963 4083 1047 4164; x_wconf 90' lang='lat' dir='ltr'><strong>rupis</strong></span> 
     </span>
     <span class='ocr_line' id='line_1_33' title="bbox 204 4188 1096 4275; baseline 0.002 -22"><span class='ocrx_word' id='word_1_224' title='bbox 204 4193 299 4273; x_wconf 87' lang='lat' dir='ltr'><strong>Hujus</strong></span> <span class='ocrx_word' id='word_1_225' title='bbox 323 4188 471 4254; x_wconf 74' lang='lat' dir='ltr'><strong>odorare?</strong></span> <span class='ocrx_word' id='word_1_226' title='bbox 492 4192 537 4253; x_wconf 91' lang='lat' dir='ltr'><strong>An</strong></span> <span class='ocrx_word' id='word_1_227' title='bbox 559 4193 731 4256; x_wconf 88' lang='lat' dir='ltr'><strong>subeundae</strong></span> <span class='ocrx_word' id='word_1_228' title='bbox 754 4203 785 4256; x_wconf 91' lang='lat' dir='ltr'><strong>ut</strong></span> <span class='ocrx_word' id='word_1_229' title='bbox 806 4195 846 4258; x_wconf 92' lang='lat' dir='ltr'><strong>sit</strong></span> <span class='ocrx_word' id='word_1_230' title='bbox 867 4213 950 4256; x_wconf 88' lang='lat' dir='ltr'><strong>mora</strong></span> <span class='ocrx_word' id='word_1_231' title='bbox 971 4213 1096 4275; x_wconf 88' lang='lat' dir='ltr'><strong>poenae,</strong></span> 
     </span>
     <span class='ocr_line' id='line_1_34' title="bbox 206 4300 1069 4375; baseline 0.001 -12"><span class='ocrx_word' id='word_1_232' title='bbox 206 4303 289 4375; x_wconf 86' lang='lat' dir='ltr'><strong>Quae</strong></span> <span class='ocrx_word' id='word_1_233' title='bbox 312 4301 365 4362; x_wconf 88' lang='lat' dir='ltr'><strong>tibi</strong></span> <span class='ocrx_word' id='word_1_234' title='bbox 389 4303 508 4365; x_wconf 85' lang='lat' dir='ltr'><strong>decreta</strong></span> <span class='ocrx_word' id='word_1_235' title='bbox 530 4310 577 4364; x_wconf 88' lang='lat' dir='ltr'><strong>est</strong></span> <span class='ocrx_word' id='word_1_236' title='bbox 598 4304 736 4365; x_wconf 85' lang='lat' dir='ltr'><strong>confesso</strong></span> <span class='ocrx_word' id='word_1_237' title='bbox 760 4304 884 4368; x_wconf 90' lang='lat' dir='ltr'><strong>crimina</strong></span> <span class='ocrx_word' id='word_1_238' title='bbox 904 4300 1005 4366; x_wconf 72' lang='lat' dir='ltr'><strong>vitae?</strong></span> <span class='ocrx_word' id='word_1_239' title='bbox 1026 4335 1069 4350; x_wconf 87' lang='lat'><em>-</em></span> 
     </span>
    </p>

    <p class='ocr_par' dir='ltr' id='par_1_11' title="bbox 248 4410 1153 4492">
     <span class='ocr_line' id='line_1_35' title="bbox 248 4410 1153 4492; baseline 0.002 -20"><span class='ocrx_word' id='word_1_240' title='bbox 248 4412 311 4474; x_wconf 86' lang='lat' dir='ltr'><strong>Nec</strong></span> <span class='ocrx_word' id='word_1_241' title='bbox 331 4429 414 4471; x_wconf 88' lang='lat' dir='ltr'><strong>mors</strong></span> <span class='ocrx_word' id='word_1_242' title='bbox 435 4410 515 4472; x_wconf 87' lang='lat' dir='ltr'><strong>bunc</strong></span> <span class='ocrx_word' id='word_1_243' title='bbox 537 4412 694 4492; x_wconf 88' lang='lat' dir='ltr'><strong>deprendit</strong></span> <span class='ocrx_word' id='word_1_244' title='bbox 716 4415 826 4487; x_wconf 81' lang='lat' dir='ltr'><strong>adbuc,</strong></span> <span class='ocrx_word' id='word_1_245' title='bbox 849 4431 906 4476; x_wconf 85' lang='lat' dir='ltr'><strong>nee</strong></span> <span class='ocrx_word' id='word_1_246' title='bbox 927 4416 1004 4478; x_wconf 81' lang='lat' dir='ltr'><strong>facte</strong></span> <span class='ocrx_word' id='word_1_247' title='bbox 1026 4415 1153 4476; x_wconf 70' lang='lat' dir='ltr'><strong>nefanda</strong></span> 
     </span>
    </p>

    <p class='ocr_par' dir='ltr' id='par_1_12' title="bbox 155 4519 927 4596">
     <span class='ocr_line' id='line_1_36' title="bbox 155 4519 927 4596; baseline 0.004 -13"><span class='ocrx_word' id='word_1_248' title='bbox 155 4529 187 4584; x_wconf 79' lang='lat'><strong>45</strong></span> <span class='ocrx_word' id='word_1_249' title='bbox 204 4522 268 4583; x_wconf 90' lang='lat' dir='ltr'><strong>Huc</strong></span> <span class='ocrx_word' id='word_1_250' title='bbox 291 4519 476 4582; x_wconf 86' lang='lat' dir='ltr'><strong>adduxerunt</strong></span> <span class='ocrx_word' id='word_1_251' title='bbox 497 4524 707 4596; x_wconf 81' lang='lat' dir='ltr'><strong>culcisndum,</strong></span> <span class='ocrx_word' id='word_1_252' title='bbox 729 4525 839 4586; x_wconf 86' lang='lat' dir='ltr'><strong>talibus</strong></span> <span class='ocrx_word' id='word_1_253' title='bbox 861 4523 927 4586; x_wconf 83' lang='lat' dir='ltr'><strong>iniit</strong></span> 
     </span>
    </p>
   </div>
   <div class='ocr_carea' id='block_1_3' title="bbox 0 0 1623 5394">
    <p class='ocr_par' dir='ltr' id='par_1_13' title="bbox 0 0 1623 5394">
     <span class='ocr_line' id='line_1_37' title="bbox 0 0 1623 5394; baseline 0 0"><span class='ocrx_word' id='word_1_254' title='bbox 0 0 1623 5394; x_wconf 95' lang='lat' dir='ltr'><strong> </strong></span> 
     </span>
    </p>
   </div>
  </div>
 </body>
</html>
