3234 5396
310 465 372 531 296
775 467 908 518 nuurunn
928 467 974 514 nn.

375 686 419 748 Ne
441 685 550 748 mirere
572 683 659 757 uun,
682 683 709 746 si
731 701 820 764 quum
842 683 887 748 sie
909 682 1001 746 farier
1021 682 1118 756 nudis,

376 797 495 858 Ultores
518 795 581 859 irae
599 795 700 876 justae
718 794 830 876 justum
853 811 921 856 esse
943 793 1098 856 eohortem

376 906 483 968 Ullam.
527 906 581 967 Ast
602 903 778 986 implicitam
799 903 853 966 libi
875 911 1005 966 mentum
1025 903 1304 966 haeresuurenudo

376 1015 548 1078 Districlam
569 1014 651 1076 vario
673 1014 770 1088 video,
794 1031 853 1094 quo
874 1030 981 1092 meque
1003 1012 1112 1092 cupide

327 1135 361 1188 5⁰
377 1125 461 1187 Hauc
483 1123 655 1186 extrienlum
678 1129 841 1204 exspeulet.
886 1122 931 1184 Tu
954 1121 1023 1184 teliu
1044 1129 1156 1184 lenum:

377 1233 458 1296 Haec
480 1233 579 1295 audita
601 1233 674 1294 mihi
697 1231 784 1295 fenile
807 1239 853 1296 est
873 1231 1164 1305 advertere—meum

378 1343 438 1408 Sed
460 1361 508 1404 me
531 1359 636 1406 neusse
658 1341 740 1415 iulet,
763 1360 817 1404 cur
839 1340 936 1408 mlum
957 1342 1014 1407 heu
1036 1349 1098 1404 urle
1120 1342 1291 1422 redemptus

377 1453 439 1516 Nos
461 1454 552 1516 Amor
573 1451 600 1514 is
621 1452 718 1514 vellet.
760 1452 873 1524 Nruler,
896 1459 995 1514 munel
1016 1450 1073 1514 isla
1094 1451 1216 1531 sepulte

377 1562 438 1625 Lux
461 1561 556 1624 oculis
576 1561 723 1644 ‚cujusque
744 1560 885 1636 huminis,
907 1560 961 1638 uui¹
979 1560 1099 1625 demine
1121 1562 1217 1624 iuneti

328 1678 361 1732 55
377 1673 515 1735 Nondum
537 1671 628 1734 eliam
650 1671 802 1750 ingenium
824 1669 958 1735 flammis·
975 1670 1104 1732 adolevit
1129 1671 1249 1734 mnoris.

376 1784 508 1862 ingenue
530 1782 595 1862 ipsu
619 1781 749 1862 quidem,
772 1800 841 1844 nem
861 1781 921 1844 hue
943 1790 1080 1862 spectant
1100 1781 1190 1844 mrilla
1205 1781 1343 1844 uirorum

380 1891 519 1968 Consilia,
543 1899 631 1972 utque
653 1909 758 1972 purum
781 1898 851 1954 sunl
871 1891 1076 1954 iulernesuere
1096 1910 1200 1954 nuum

379 2003 464 2083 Aple,
488 2001 603 2082 loquar,
626 2020 718 2081 quere
739 2002 830 2064 luerit
851 2001 926 2062 rutiu
948 2001 1005 2064 isle
1026 1999 1151 2080 lugenda

379 2111 473 2190 Digne
495 2111 600 2190 magis.
645 2111 728 2184 Quee
750 2129 868 2188 emnem
889 2109 1007 2172 bonius
1028 2110 1127 2173 divim
1151 2111 1269 2192 repellit

330 2232 364 2284 uu
380 2222 530 2295 Livorem,
550 2221 664 2302 proprii
686 2229 747 2284 lule
769 2221 878 2284 urdene
900 2219 1018 2300 ignibus
1039 2220 1118 2297 ignis

381 2331 526 2394 Flammet
547 2331 597 2401 itu,
620 2331 734 2394 aeterni
756 2339 788 2394 ul
810 2330 955 2392 diffundet
975 2329 1086 2410 ubique
1108 2330 1227 2392 demtis

381 2440 514 2503 Divitias.
560 2439 710 2521 Quidquid
732 2440 848 2521 primm
870 2439 960 2502 modu
982 2446 1081 2502 munel
1097 2439 1140 2502 nh
1162 2441 1236 2520 ipse,
1369 2505 1373 2512 ,

381 2551 538 2632 Nunquam
561 2550 687 2614 deletur.
729 2550 832 2631 Neque
854 2550 934 2612 enim
955 2549 1052 2630 hujus·
1066 2550 1150 2626 signu
1171 2559 1334 2624 merentum,

383 2660 466 2735 Quae
490 2660 581 2722 semel
604 2660 765 2740 impressit.
810 2659 962 2740 Quidquid
983 2659 1099 2740 privum
1120 2659 1238 2740 impluit
1258 2661 1332 2742 ipse,

332 2784 365 2838 uu
382 2770 449 2833 Non
472 2769 632 2832 eomitante
654 2769 714 2832 ulie
735 2787 850 2843 unusqu,
872 2777 972 2832 munel
991 2787 1081 2832 enine
1103 2769 1234 2834 soluurm

384 2879 510 2943 Servilio
534 2882 642 2960 (neque
665 2879 745 2942 euim
766 2899 783 2942 a
804 2897 904 2942 rerum
924 2879 1030 2941 uirtute
1051 2897 1194 2943 noverum

383 2991 417 3052 ld
439 2989 561 3070 pendet)
582 2989 651 3069 plue
672 2989 743 3052 huic
763 3007 833 3050 sese
854 2989 1022 3052 eenlurmul
1043 3007 1139 3070 euque

384 3100 456 3162 Plus
479 3099 587 3180 planet.
631 3099 730 3160 Ardor
750 3099 830 3162 euim
851 3106 982 3172 sanutus,
1005 3099 1071 3162 lune
1093 3099 1353 3177 omnimedens,

384 3211 419 3272 ln
442 3228 530 3288 quem
552 3209 620 3289 plui
642 3209 771 3274 similem
791 3208 851 3272 sibi
873 3209 944 3279 edil,
965 3209 1095 3272 uirueius
1115 3210 1183 3288 igne

334 3335 369 3388 'lu
385 3319 535 3398 Fulquret.
578 3318 733 3390 Humanae
754 3325 860 3380 ennete
880 3319 956 3382 haee
977 3319 1206 3382 dunleresuere
1228 3321 1332 3402 slirpi;

384 3428 546 3492 Deficiente
568 3447 638 3502 uno,
662 3428 751 3491 simul
771 3428 838 3509 ipsa
859 3428 972 3490 minuta
992 3445 1118 3492 neeesse
1140 3437 1189 3492 est

385 3537 545 3604 Nobilitule
568 3537 661 3602 eadat.
707 3538 789 3614 Quae
810 3536 1118 3601 libertaleuerentem
1266 3617 1281 3627 ,

386 3647 470 3708 Hanc
491 3647 570 3712 facil
593 3656 640 3708 est
660 3647 766 3727 eulpae
790 3646 889 3730 lebee3
911 3647 985 3720 haee
1006 3647 1094 3709 unica
1114 3666 1221 3713 unusqu
1241 3658 1298 3725 eui,
1409 3652 1413 3659 “

386 3757 540 3820 Diversum
561 3777 577 3820 u
599 3775 715 3818 summe
738 3775 812 3838 quue
832 3757 929 3838 ipsum
951 3757 1097 3820 deformet
1116 3759 1242 3836 Amene3

337 3881 370 3935 75
386 3868 521 3948 Namque
543 3885 647 3946 purum
668 3867 757 3930 istius
777 3866 854 3931 lunis
876 3886 909 3930 se
930 3866 997 3929 luue
1020 3867 1149 3932 celerat:

387 3979 425 4040 Et
446 3995 598 4057 nunquam
617 3977 649 4039 iu
672 3977 763 4041 decus
784 3978 944 4058 antiquum,
959 3997 1028 4040 sese
1048 3979 1116 4058 ipsa
1135 3987 1269 4058 reponet,

389 4087 426 4150 Ni
447 4087 570 4167 plenum
591 4086 745 4161 instauret,
768 4087 849 4167 quud
871 4088 958 4167 eulpa
978 4087 1098 4168 reliquit
1119 4089 1217 4163 indue,

389 4197 590 4260 denumulene
605 4197 702 4278 jusles
725 4203 827 4260 eunlrn
849 4197 926 4260 mula
946 4198 1054 4275 gaudia
1073 4217 1198 4278 puuuus.
1230 4231 1233 4241 =
1291 4275 1295 4282 ι

390 4307 494 4376 Neslra
516 4306 567 4367 ubi
589 4325 622 4368 se
644 4307 675 4370 iu
695 4308 819 4389 proprio
839 4308 999 4371 maculavit
1021 4309 1133 4370 semine
1154 4317 1246 4372 tulum
1281 4315 1283 4320 “

340 4421 375 4474 80
390 4415 510 4489 Natura,
532 4417 657 4478 islorrnn
679 4426 726 4480 eet
747 4421 851 4480 urnuu
874 4427 960 4482 exule
981 4418 1148 4504 deeomm„
