3234 5396
285 582 348 592 -ι-
367 586 386 592 --
394 585 524 592 ·--··—-—»--
530 586 671 594 -·—-·---·-=
1005 581 1494 594 mamm—o*-

265 433 383 794 Γῆ
738 493 919 545 ruaorruan
937 493 1035 544 aruo.

387 711 502 774 Amisit.
524 743 566 758 --
587 709 684 774 Veluti
706 709 844 774 adductis
866 707 987 786 vestigia
1010 708 1121 788 plantis

388 820 519 886 Colleota
540 818 571 884 io
593 818 733 884 oboraam
755 820 842 884 vertit
862 826 995 883 mauooa
1016 827 1190 892 retrorsum,

388 931 501 1012 Vixque
523 930 600 1010 pede
621 937 690 994 aute
711 929 818 1010 pedem
841 928 940 1008 posito
961 927 1128 992 accessisse
1149 929 1281 993 videtum

338 1054 371 1112 50
390 1041 442 1102 Sie
464 1040 543 1103 inter
564 1041 656 1101 llores
679 1049 822 1120 ostroque
844 1055 978 1119 auroque
998 1037 1142 1102 minantes

387 1150 432 1214 nd
454 1169 503 1212 mo
525 1166 669 1212 eonveraa
690 1156 746 1222 ast,
768 1159 810 1222 ot,
833 1165 909 1227 quae
930 1149 1032 1228 defigit
1052 1148 1179 1212 honeste

388 1260 513 1322 Lumina
532 1255 625 1328 humi,
648 1257 740 1338 virgo,
761 1257 912 1337 voluitque
933 1257 1052 1338 explere
1073 1265 1245 1336 rogantsma

388 1370 462 1432 Nam
484 1369 529 1434 sie
550 1367 685 1440 sesessit,
708 1367 796 1431 duloe
816 1376 849 1430 ut
869 1367 1058 1432 modulamen
1080 1368 1170 1432 loiret

388 1481 494 1552 brues,
516 1486 605 1558 atque
628 1495 733 1542 omues
754 1477 1208 1558 «11111111113111111111111Ἰ

339 1596 372 1654 bb
388 1592 426 1653 at
448 1587 571 1652 simulac
593 1585 683 1660 vento,
702 1586 829 1670 juoundi
849 1583 900 1650 ubl
922 1585 1054 1650 fluminis
1076 1587 1173 1652 undae

389 1699 520 1762 [morant
542 1696 659 1770 barbas,
682 1697 800 1775 dignata
823 1705 869 1760 est
891 1695 996 1760 tollere
1018 1695 1142 1762 rrdtum.

389 1807 475 1870 Haud
497 1805 602 1870 oeulos
624 1808 713 1870 oredo
734 1805 842 1870 Veneri
863 1804 1005 1870 micuisse
1026 1804 1123 1870 nitore

390 1917 495 1984 Tanto,
519 1933 587 1980 oum
608 1924 726 1996 praeter
747 1914 867 1980 solitum
889 1915 964 1980 haee
985 1933 1019 1978 se
1041 1915 1162 1980 aulaeas
1184 1916 1246 1978 nati

391 2027 562 2090 Distrietem
583 2024 688 2088 sensit
730 2025 839 2088 Dextra
861 2024 977 2090 ridebat
998 2025 1028 2090 in
1052 2043 1104 2090 ora

340 2151 374 2204 ot
392 2136 547 2218 Opposita,
568 2134 706 2200 manibus
728 2134 895 2214 daoerpens
915 2134 1006 2198 mrdta
1027 2134 1162 2200 uelorum

391 2245 492 2320 blillia,
515 2263 592 2326 quos
614 2243 691 2308 alma
713 2243 819 2310 emittit
841 2244 906 2306 siue
928 2244 1041 2308 sernioe
1062 2244 1161 2310 tellus.

435 2355 510 2418 Tres
532 2355 612 2417 oiroa
632 2373 740 2434 passus
762 2353 932 2434 sejunxerat
952 2354 1050 2418 omnis
1072 2362 1230 2434 utrosqu03

392 2465 567 2537 Neomare,
590 2464 670 2543 quod
690 2483 790 2528 mersa
812 2462 914 2528 titulos
935 2462 1059 2528 deduxit
1079 2463 1116 2528 ab
1137 2463 1233 2538 Helle,

394 2573 563 2655 Traiectum
583 2573 683 2648 Xerxi,
706 2575 823 2638 lienum
844 2573 1021 2652 suinumque
1042 2573 1173 2654 superbo

342 2694 376 2749 15
393 2684 479 2746 Nune
501 2701 630 2764 quoque,
652 2691 764 2748 uotum
787 2682 848 2745 odii
869 2689 916 2746 est
937 2701 1068 2762 passum,
1091 2682 1242 2746 ulterioris
1263 2705 1365 2750 amora

393 2794 495 2873 Ripae,
519 2811 536 2852 a
556 2792 694 2858 Leandro
716 2792 827 2858 Seston
848 2800 1002 2873 spootante
1024 2799 1054 2854 et
1073 2792 1205 2872 Abydon,

395 2904 545 2977 Quantum
565 2901 616 2966 bio
637 2921 655 2964 a
674 2921 723 2967 rna
745 2902 851 2976 omnis,
875 2902 955 2982 quod
977 2920 1039 2965 nou
1060 2903 1206 2982 patelaota
1228 2904 1363 2969 dedisset

395 3013 480 3076 Tune
501 3011 559 3074 iter
578 3011 657 3073 unda
678 3011 760 3074 mibi.
782 3012 907 3074 -Vos
929 3011 980 3074 bio
1000 3031 1075 3076 nora
1096 3021 1219 3092 portora
1239 3015 1361 3089 adestis,

395 3123 447 3184 llle
471 3122 520 3196 ait,
544 3129 573 3184 et
593 3123 705 3196 forsan,
727 3121 808 3202 quod
829 3139 877 3184 mo
899 3121 955 3184 bao
976 3122 1091 3186 vidistis
1113 3122 1144 3185 in
1166 3142 1241 3197 ora,

345 3245 379 3296 71
397 3232 480 3305 Quae
501 3231 585 3312 prius
607 3231 753 3296 humanae
775 3240 898 3294 naturae
919 3231 1013 3296 electa
1035 3231 1154 3311 patebat

397 3342 501 3415 Sedes,
523 3341 678 3414 ridentem,
701 3340 877 3404 mirantibus
898 3340 1011 3406 insidet
1032 3361 1144 3422 auceps
1202 3403 1204 3410 ,

398 3451 473 3513 Cora
496 3451 611 3530 aliqua;
632 3457 662 3512 at
681 3451 803 3538 veniunt
824 3469 841 3514 a
863 3451 993 3516 oarmlue
1015 3451 1180 3518 delectasti

398 3561 532 3634 Lumina,
555 3579 631 3640 quae
652 3560 778 3624 nebulas
799 3569 927 3640 possunt
948 3560 1100 3640 depellere
1121 3570 1229 3626 111111.

441 3670 466 3732 0
489 3678 530 3744 tu,
554 3670 605 3749 qui
626 3669 741 3734 eunetis
763 3669 868 3742 auleis,
892 3670 1027 3734 soitarier
1047 3689 1145 3742 orsus,

348 3794 381 3848 71
398 3779 473 3842 Fare
495 3798 559 3858 age,
580 3779 607 3844 si
630 3779 701 3858 quid
722 3779 768 3840 ris
788 3778 884 3854 aliud;
905 3798 974 3843 nam
996 3781 1111 3871 solvere
1133 3800 1277 3861 praesens

398 3891 482 3964 Veni,
506 3889 603 3969 quoad
625 3889 698 3951 satis
720 3908 789 3952 esse
809 3908 889 3962 reor,
911 3907 1116 3970 quaeoumque
1136 3891 1266 3968 rogabis.

399 3999 542 4080 Lympha,
565 3999 696 4078 inquam,
718 4000 909 4078 nemorisque
930 4019 1023 4066 sonus
1043 4001 1119 4064 mibi
1138 4008 1261 4080 peetora
1281 4020 1381 4081 pugna

399 4109 555 4186 Exagitant
575 4109 770 4188 minuuntque
791 4111 890 4182 fidem,
913 4129 990 4189 quaa
1011 4110 1175 4174 inurereret
1195 4119 1279 4186 antea

401 4219 476 4280 Nam
496 4237 584 4282 soous
605 4218 758 4284 audieram
779 4219 854 4294 lieri,
877 4239 912 4284 ao
933 4220 1013 4300 quod
1036 4240 1106 4284 vera
1125 4229 1228 4284 moeret
1247 4241 1307 4286 res.

351 4340 385 4392 eu
443 4327 497 4390 llla
520 4329 607 4392 mibi:
630 4329 740 4400 Dicam.
763 4347 822 4410 quo
844 4337 930 4408 paeto
953 4330 1032 4395 baud
1054 4331 1153 4394 orauit
1172 4330 1257 4400 istud

279 4509 282 4532 Ι
401 4437 522 4517 Absque
544 4458 598 4502 sua
621 4457 737 4514 caussa,
759 4438 840 4520 quod
862 4447 943 4505 ,11111
966 4441 1056 4506 eorda
1069 4448 1201 4522 ,stupore

280 4550 283 4626 l
