3214 5400
597 583 779 636 renuerunt!
795 585 814 636 1.

204 1962 260 2078 Ut
277 2006 340 2087 jam
363 2015 462 2068 currat
482 2021 589 2085 aquam
610 2003 779 2077 meliorem,
804 2005 925 2068 carbasa
947 2003 1023 2067 toltit

204 2115 343 2178 Naricula
364 2116 477 2196 ingenii
498 2115 608 2188 uestri,
630 2123 700 2194 pest
721 2124 802 2194 term
824 2114 928 2177 relicto

205 2224 277 2287 'l'arn
299 2225 364 2287 dire
386 2224 507 2305 pelagus
529 2225 708 2303 veniuntque
732 2225 862 2286 secunda
884 2224 1016 2286 cauenda

205 2334 320 2414 Regna,
342 2334 394 2398 uhi
417 2342 574 2398 concretae
597 2332 695 2396 sordis
717 2342 909 2414 veterumque
931 2333 1076 2396 malorum

172 2444 188 2498 5
205 2445 290 2506 Stant
311 2444 466 2506 huminum
486 2444 657 2524 purgandae
679 2444 809 2518 animae,
832 2451 862 2506 et
883 2443 1085 2506 conscendere
1109 2444 1225 2505 coelum

204 2554 369 2634 Emergunt
389 2555 505 2634 dignae.
527 2585 567 2598 -
590 2554 697 2616 Verum
719 2553 768 2615 hic
790 2554 933 2616 exstincta
955 2565 1091 2632 resurgat

204 2664 260 2726 Ars
281 2672 398 2738 uestra,
422 2684 439 2725 c
463 2671 581 2726 saumae
602 2663 719 2738 Musam
742 2683 790 2726 me
812 2683 940 2745 namque
961 2665 1128 2732 ministrum

204 2774 341 2853 Legistis.
384 2773 470 2836 Nune
492 2772 624 2854 Calliope
645 2774 695 2836 det
717 2792 839 2852 surgere
860 2775 918 2837 vati

203 2883 298 2946 Altius
320 2891 409 2964 atque
431 2883 482 2946 illu
505 2884 604 2946 sonitu
626 2884 774 2948 deducere
796 2902 925 2958 carmen

156 2999 187 3052 lu
205 2994 264 3068 Qui
287 2995 332 3056 sic
352 2994 503 3074 percussit
521 2993 640 3056 miseris
662 2995 837 3072 praecordia
858 2996 945 3075 picis,

204 3104 241 3167 Ut
261 3123 324 3166 nou
347 3104 407 3166 sint
427 3103 518 3166 ullam
540 3104 571 3167 in
592 3104 677 3166 venia
699 3123 783 3184 spem
804 3123 917 3184 ponere
938 3106 1029 3170 visae.

245 3212 348 3276 Dulcis
370 3211 407 3276 ab
428 3213 491 3276 Eua
512 3213 632 3292 saphiro
655 3213 752 3288 color,
775 3213 906 3294 undique
929 3216 1040 3279 auctam

203 3324 289 3386 Aeris
311 3324 486 3404 adspectum
507 3324 575 3404 puri
598 3325 662 3386 sine
685 3322 764 3386 nube
786 3341 926 3386 serenum

204 3433 333 3496 Primam
356 3451 451 3513 usque
474 3433 511 3496 ad
532 3433 689 3514 sphaeram
708 3433 906 3514 pertundens,
930 3435 1034 3513 gaudia
1055 3455 1159 3500 rursus

155 3545 186 3598 15
201 3543 298 3606 Jussit
317 3544 429 3608 hahere
451 3543 571 3618 oeulos,
595 3543 683 3608 simul
705 3562 739 3606 ae
760 3563 809 3606 me
829 3552 945 3608 mortua
965 3565 1054 3625 passa
1077 3555 1123 3608 est

204 3653 283 3716 Aura
305 3655 385 3718 exire
407 3655 470 3718 suis
492 3654 601 3729 antris,
625 3673 700 3734 quae
723 3653 887 3735 nemusque
908 3675 1068 3736 meumque

203 3763 327 3826 vexarat
347 3773 463 3846 pecus.
507 3763 565 3838 Qui
586 3764 713 3844 pulcher
733 3783 833 3828 amare
854 3763 970 3844 planeta

203 3873 363 3950 Hortatur,
384 3875 477 3937 radiis
495 3874 566 3955 juga
588 3874 705 3957 sarhdita
726 3875 876 3938 matutinis

203 3983 366 4064 Spargebat
387 3985 465 4059 risu,
489 3985 612 4065 cingens
633 3983 778 4047 velamine
799 3985 911 4064 pisces,
977 3997 979 4002 ’

151 4101 185 4154 tt
202 4093 261 4168 Qui
283 4093 342 4156 sihi
363 4095 505 4158 ductores
527 4095 658 4158 aderant.
701 4094 838 4157 Dextram
860 4096 926 4174 ipse
947 4095 1046 4174 petivi,

197 4204 390 4284 'Alteriusque
411 4205 474 4286 pcli
496 4206 644 4284 vestigans
665 4205 777 4268 lumina
798 4212 897 4266 mente

201 4313 348 4387 Quattuor
368 4315 482 4378 intenta
505 4315 627 4395 suspexi
651 4314 750 4378 sidera
771 4333 922 4396 uunquam

200 4423 339 4503 Cognita,
362 4425 546 4504 primigenae
567 4425 627 4486 uisi
649 4425 744 4504 genti,
768 4433 856 4506 atque
879 4424 997 4504 ignibus
1019 4427 1126 4490 herum

198 4534 268 4614 lpse
289 4534 445 4598 ridebatur
467 4536 599 4614 gaudens
621 4535 801 4600 hilarescere
825 4534 978 4617 Olympus.
