3214 5400
330 523 394 590 214
774 525 953 578 ronotrotttt
972 528 1019 579 XX.

348 744 459 810 tubos
480 743 685 807 Narbonensis
707 743 813 818 nostri,
836 743 934 806 minus
957 745 1007 808 ille
1028 746 1162 823 vaiebat3

398 854 459 917 Sed
481 873 537 916 neo
559 863 622 918 eret
642 863 742 917 tameo
764 853 813 917 iile
833 871 958 918 nooens.
1001 857 1035 918 Vi
1057 856 1221 939 fraudeque
1242 859 1384 940 praedem

398 963 472 1026 lude
495 972 540 1026 est
562 963 613 1026 iile
636 983 721 1026 suam
742 980 919 1042 aggressum
942 965 1021 1042 dein,
1044 967 1139 1030 tristia
1160 969 1240 1032 tacta

399 1073 628 1146 Emendaturus,
650 1073 761 1135 Pontes
782 1073 991 1154 Normanaque
1013 1076 1092 1155 oepit

401 1183 527 1264 Oppida,
550 1201 686 1264 quosque
708 1181 810 1245 uolunt
830 1184 980 1263 peregrini
1001 1185 1153 1250 Vascones
1174 1205 1272 1267 agros.

284 1281 288 1293 Ἴ
348 1305 383 1362 dt
443 1295 579 1356 Cinorus
601 1291 717 1354 ltaliam
738 1291 846 1372 inrupit
868 1309 942 1356 nece
965 1292 1128 1357 Connanrnr

399 1404 628 1477 Emendaturur,
650 1402 720 1464 dein
742 1401 872 1463 Τιιοιιιι
893 1402 930 1466 ad
953 1412 1031 1466 astra
1053 1405 1184 1479 retrusit,

399 1512 629 1578 Emendaturus.
671 1511 738 1573 Non
760 1511 884 1574 multum
905 1520 1024 1594 tempus
1046 1515 1152 1578 abesse
1224 1551 1228 1562 ·

399 1623 475 1686 Post
495 1622 575 1685 istud
596 1621 693 1694 rideo,
717 1637 785 1682 eum
806 1630 937 1699 emerget
959 1623 1095 1686 Cnnouus
1118 1625 1193 1688 aiter

399 1733 444 1795 Ex
465 1732 566 1808 Gallis,
588 1731 694 1794 melius
717 1739 842 1794 testatus
865 1750 958 1812 seque
980 1752 1122 1814 sanoque.

350 1855 384 1908 to
400 1841 522 1921 Absque
542 1841 633 1904 armis
655 1843 715 1904 exit
737 1841 829 1916 solus,
852 1841 982 1905 taleida
1003 1851 1169 1924 reportans,

402 1952 495 2026 Queis
517 1951 696 2032 depugnauit
715 1951 818 2026 iudas,
841 1971 984 2014 mucrone
1005 1954 1127 2033 potitus,

402 2062 470 2136 Quo
491 2059 680 2123 Florentinae
701 2070 835 2146 uentrem
857 2061 1057 2143 disrumperet
1078 2062 1155 2124 urbi.
1196 2089 1200 2096 ·

401 2171 458 2233 flio
480 2170 539 2233 sibi
562 2189 622 2232 non
643 2179 753 2234 terram
774 2169 947 2247 lucrabitur,
971 2181 1001 2235 et
1020 2170 1098 2235 male
1120 2174 1240 2248 fadum,

401 2281 441 2343 Et
461 2280 621 2361 probrum:
644 2280 726 2343 istud
748 2299 786 2344 eo
806 2281 935 2358 gravius,
957 2300 1017 2361 quo
1039 2283 1160 2346 infamia
1182 2285 1301 2347 damnis

352 2393 386 2449 75
402 2389 450 2454 lili
470 2400 615 2471 pensatur
635 2390 738 2452 leuior.
781 2391 854 2452 biibi
876 2409 998 2454 eernere
1021 2393 1149 2454 frontem

403 2501 532 2564 Alterius
553 2501 666 2575 videor,
691 2500 741 2582 qui
763 2508 867 2580 eaptus
889 2501 1013 2563 naribus
1036 2503 1104 2576 exit,

404 2609 519 2673 Deinde
540 2629 626 2672 suam
646 2607 747 2672 vendit
769 2617 867 2671 natam
888 2612 1077 2694 pretiumque
1099 2614 1212 2693 pacisci

405 2721 472 2783 Non
494 2721 576 2800 sugit,
599 2720 741 2782 abductas
763 2738 822 2799 quo
844 2722 956 2800 praedo
979 2741 1062 2784 more
1083 2723 1199 2802 puellas

405 2830 563 2910 Maneipat.
585 2863 628 2876 —-
650 2830 675 2893 0
698 2831 761 2892 auri
784 2830 863 2904 dna,
886 2833 1067 2894 exsecranda
1090 2833 1208 2912 cupido,

355 2946 390 3002 8⁰
408 2941 486 3015 Quid
508 2939 561 3002 tibi
579 2939 641 3020 jam
662 2947 755 3002 restat
777 2940 954 3016 conandum,
977 2940 1027 3003 ubi
1050 2942 1194 3021 sangrrine
1216 2949 1322 3005 nostro

406 3050 452 3114 nd
474 3058 504 3111 te
525 3050 639 3111 traxisti
660 3050 775 3128 genitos
798 3050 843 3110 sio
864 3051 973 3112 aoritm
994 3059 1085 3124 actos,

408 3161 447 3224 Ut
464 3160 527 3242 jam
549 3160 629 3222 nulla
653 3178 724 3221 suae
747 3160 845 3221 carnis
868 3161 907 3221 sit
930 3177 1000 3222 eura
1020 3160 1170 3224 tuendae?
1191 3195 1194 3198 ·

409 3271 505 3351 thue
527 3270 625 3332 minus
645 3269 722 3332 male
743 3271 820 3332 faeta
842 3271 997 3350 suturaque
1019 3273 1150 3351 pensitet
1171 3283 1261 3358 aetas,

409 3381 517 3443 Litium
538 3379 708 3456 Anagninos
728 3379 814 3442 rideo
836 3381 998 3461 pervadere
1020 3382 1056 3443 ad
1079 3387 1171 3444 Aroes

359 3502 394 3557 85
410 3493 504 3572 Inque
526 3489 588 3563 illo,
610 3489 661 3550 hie
683 3489 793 3552 Christi
815 3490 866 3569 qui
887 3507 1010 3552 munere
1031 3491 1171 3570 iungitur,
1193 3493 1292 3573 ipsum

412 3599 593 3681 Comprendi
616 3599 779 3672 Christum,
803 3598 935 3661 derisum
956 3619 1071 3676 rursus,
1094 3610 1210 3665 acetum

410 3711 449 3773 Et
470 3710 510 3773 tel
531 3710 601 3773 huie
621 3709 707 3771 video
729 3717 911 3783 renovatum,
933 3709 1070 3791 interque
1090 3711 1221 3774 latrones

411 3821 550 3882 Viventes
571 3819 651 3910 buno
672 3819 816 3882 ooeisum.
839 3851 877 3864 -
900 3819 1000 3882 Nouus
1023 3839 1093 3883 ecoe
1114 3822 1226 3884 Pilatus

412 3931 488 3992 Tam
509 3931 601 4003 ferus,
623 3937 657 3990 ut
677 3929 810 3992 nondum
832 3927 972 3992 abscedat
995 3931 1129 4006 satiatus,
1153 3941 1183 3994 et
1204 3932 1318 4013 absque

362 4045 397 4100 tt
412 4041 538 4104 Decreto
559 4039 702 4102 desiderii
719 4040 782 4121 jam
804 4038 925 4103 carbasa
948 4040 979 4102 in
1001 4041 1091 4103 aedes

412 4150 507 4238 Iniert
528 4157 666 4212 sacratas.
712 4150 736 4212 0
760 4149 836 4212 coeli
858 4158 977 4213 aeterna
998 4159 1140 4231 potestas,

414 4259 539 4333 Quando
563 4261 628 4335 erit,
651 4268 685 4322 ut
706 4260 793 4322 detur
811 4259 889 4322 laeto
910 4260 983 4322 mibi
1006 4278 1129 4323 eernere
1150 4260 1232 4324 vultu

413 4368 511 4430 Uitam
528 4369 682 4450 justitiam,
706 4389 792 4450 quae,
816 4388 875 4449 quo
898 4377 944 4432 est
965 4370 1059 4452 magis
1081 4365 1192 4446 abdita,¹
1210 4379 1292 4436 tanto

413 4477 535 4541 Dulcius
557 4479 662 4542 uleisei
683 4489 809 4561 reputat,
833 4481 912 4560 quod
933 4487 1055 4562 pectore
1078 4483 1188 4546 condit.
