3236 5394
543 587 733 639 rumuuouutt
750 587 828 640 ml.

171 813 200 866 15
219 804 342 866 Carolus
365 824 381 866 a
402 813 506 866 sancto
528 807 651 882 llagnus
674 825 742 868 cum
764 806 873 868 decidit
894 827 977 880 auso,

218 915 290 976 Tam
312 915 530 994 perterricrepo
553 935 613 977 non
635 916 762 994 perculit
783 923 850 978 adra
871 917 981 980 bombo

218 1023 400 1086 Rholandus.
424 1057 462 1070 -
486 1026 580 1104 Caput
600 1025 669 1087 inde
691 1027 966 1106 ausus'panllispcr
987 1029 1019 1089 in
1039 1028 1129 1090 altum

220 1113 352 1207 Tollere,
376 1153 442 1196 sum
462 1135 570 1196 multas
592 1136 673 1196 visus
696 1143 831 1213 spectare
852 1137 997 1214 praealtas

219 1243 339 1306 Turres.
384 1244 482 1317 Quare
504 1262 575 1322 ego:
599 1245 667 1317 uie,
691 1261 834 1323 quaenam
856 1253 903 1306 est
920 1253 999 1308 terra
1020 1248 1091 1320 ista,
1113 1245 1275 1325 magister?

169 1368 201 1418 ac
218 1354 307 1433 Isque
328 1353 416 1414 mihi:
440 1355 587 1427 Quoniam
609 1355 709 1416 multis
731 1354 837 1434 stipata
859 1356 990 1418 tenebris
1226 1351 1229 1358 ’

218 1463 276 1524 Per
296 1463 362 1525 loca
383 1465 561 1526 transcurris
583 1463 706 1524 nimium
727 1465 849 1543 procul,
872 1466 941 1526 hinc
963 1466 1011 1538 ut,
1034 1474 1066 1528 ut
1087 1483 1169 1527 erres

217 1573 344 1652 Propter
366 1574 501 1652 opinatus
523 1573 629 1648 animi3
651 1581 695 1646 at,
716 1573 825 1653 probe,
848 1582 880 1636 tu
901 1593 1019 1654 quoque
1042 1575 1148 1648 disces,

217 1683 289 1744 llluo
312 1684 338 1744 si
360 1683 498 1754 accedas,
522 1701 628 1760 mam,
652 1701 726 1762 quae
747 1683 908 1763 longinqua
927 1684 1073 1757 videntur,

217 1792 370 1870 llecipiant
390 1811 514 1854 sensus:
539 1807 629 1871 quare
650 1795 858 1871 properantius
880 1795 930 1856 ito.

168 1909 200 1962 25
216 1901 438 1982 Appreuditque
460 1921 579 1964 manum
600 1911 799 1980 peramanter,
823 1912 852 1965 et
872 1905 995 1983 insuper
1015 1904 1109 1965 addit:

216 2012 290 2073 Ante
313 2012 370 2072 iter
390 2012 512 2074 ulterius
535 2029 623 2090 qnam
644 2030 751 2091 pergas
774 2031 895 2092 carpere
915 2030 1040 2084 mecum,

217 2122 315 2192 Scito,
339 2140 399 2182 non
422 2121 488 2184 illas
511 2129 622 2194 turres,
645 2141 748 2182 rerum
770 2141 838 2184 esse
858 2123 1000 2201 gigantas,

216 2232 376 2311 Stantque,
399 2239 484 2292 tenus
506 2232 617 2294 ventris
641 2233 739 2311 quanti
762 2241 845 2306 sunt,
868 2234 999 2312 undique
1021 2233 1070 2294 un

216 2342 333 2404 Circum
355 2359 438 2402 oraru
459 2342 550 2419 putei.
594 2341 703 2414 Veluti,
727 2342 850 2420 caligine
872 2343 965 2421 pulsa
1074 2373 1079 2386 ι

101 2401 104 2526 l
167 2462 199 2514 ³0
216 2451 371 2514 Paullatim
393 2451 538 2530 incipiunt
559 2452 637 2512 oculi
658 2452 875 2524 internoscere,
899 2452 1051 2531 quidquid,

100 2527 105 2634 l
215 2562 291 2622 Aera
314 2560 365 2639 qui
388 2561 491 2639 stipat,
513 2579 605 2640 vapor
626 2561 752 2636 abdidit;
774 2569 843 2624 aera
864 2579 999 2623 crassum

101 2643 104 2794 1
216 2671 266 2733 Sic
287 2690 350 2745 me,
373 2671 443 2732 dum
465 2670 561 2743 ludio,
585 2672 678 2750 magis
701 2681 731 2733 et
750 2673 844 2750 magis
866 2691 961 2751 usque
982 2672 1186 2750 propinquans

217 2780 309 2853 Orac,
334 2799 418 2842 error
438 2780 513 2858 fugit
534 2788 563 2841 et
584 2798 676 2859 pavor
696 2781 801 2856 ingens
825 2789 950 2861 occupat
970 2789 1062 2843 artus.

216 2891 349 2970 Namque
371 2899 421 2963 ut,
444 2890 495 2952 ubi
516 2889 591 2951 vallo
615 2890 699 2952 sedet
720 2884 788 2952 ar'ea
810 2899 894 2970 septa
916 2892 1051 2962 rotundo,

167 3009 199 3062 35
216 3000 397 3078 llonstregio
419 3001 513 3078 surgit
534 3000 690 3060 redimitus
711 2999 842 3062 turribus
865 3001 951 3062 altis:

217 3110 267 3171 Sic
289 3109 484 3181 exornabant,
507 3117 615 3188 puteus
639 3128 696 3188 qua
719 3110 859 3186 cingitur,
882 3129 964 3171 nram

217 3219 378 3281 Terribiles
399 3219 496 3280 media
517 3237 578 3280 aon
599 3219 667 3297 plus
690 3237 777 3298 marn
798 3227 881 3298 parte
904 3221 1035 3296 gigantes

217 3331 313 3408 Supra
335 3329 556 3408 impendentes,
580 3329 665 3407 queis
685 3329 823 3407 luppiter
844 3329 962 3390 aethere
984 3328 1020 3391 ab
1042 3329 1110 3398 alto,

216 3440 292 3501 [lum
315 3440 453 3519 crepitat,
475 3439 625 3500 minitatur
647 3437 751 3499 adhuc.
774 3469 815 3480 -—
837 3437 907 3498 llihi
926 3438 1047 3518 jamque
1070 3437 1190 3498 videbar

167 3559 199 3610 tc
218 3549 347 3611 Cernere
369 3549 523 3628 cujusdam
545 3549 710 3627 faciemque
731 3548 932 3626 humerosque
955 3529 1112 3626 sinumque

216 3659 254 3720 Et
275 3675 412 3735 magnam
434 3658 545 3720 ventris
567 3665 700 3737 partem,
724 3657 910 3735 distentaque
932 3657 1080 3736 utrimque

215 3767 342 3828 Brachia
363 3768 419 3828 sub
441 3768 544 3829 costis.
586 3767 676 3829 Recte
699 3775 801 3830 natura
822 3767 942 3846 reliquit

215 3879 331 3950 Artem
355 3895 430 3956 quaa
452 3877 526 3938 tales
547 3878 684 3938 homines
707 3878 738 3938 in
759 3878 879 3938 luminis
901 3893 988 3938 auras

216 3987 339 4060 Ederet,
362 3987 410 4047 his
433 3987 538 4050 similia
559 3987 645 4048 Marti
667 3995 804 4067 ereptura
825 3988 988 4049 nunistros.

167 4106 199 4160 45
219 4095 305 4169 Quod
329 4096 355 4156 si
378 4104 510 4158 cetonrm
532 4105 582 4158 aut
602 4098 791 4178 elephantum
812 4098 891 4159 haud
913 4097 1046 4176 poenitet
1066 4097 1154 4170 illam,

215 4205 275 4267 Res
297 4205 475 4284 inspectanti
494 4207 612 4286 penitam
634 4209 783 4270 censenda
804 4208 919 4270 videtur

93 4343 96 4414 q
217 4313 288 4375 Plus
307 4314 445 4394 justane
467 4317 608 4395 prudeus.
651 4317 726 4378 Nam
747 4317 774 4377 si
795 4316 914 4378 solertia
936 4315 1043 4376 mentis

90 4419 96 4737 p
217 4423 387 4504 Nequitiam
404 4423 510 4505 jungat
532 4443 599 4488 oum
620 4426 662 4499 vi,
682 4427 744 4506 jam
765 4426 846 4488 nulla
864 4427 981 4507 juvaret

219 4533 328 4595 Contra
350 4532 512 4596 obnitentia
533 4535 634 4598 urnis.
677 4535 840 4615 Praelonga
860 4535 978 4615 patebat
