3236 5394
357 796 390 850 55
408 789 440 852 Si
462 789 539 852 bene
561 789 592 850 id
613 788 719 868 agnovi
737 789 887 870 jucundae
909 797 1043 868 tempere
1064 787 1150 850 uitae.

406 900 443 961 lit
465 897 523 960 nisi
544 906 605 962 tam
626 898 725 962 subito
747 898 924 964 clausissem
945 898 1056 964 lumina
1078 905 1182 968 morte,

407 1009 480 1072 Cum
502 1007 557 1070 tihi
576 1007 720 1070 vidissem
741 1007 858 1072 ccelurn
880 1007 925 1070 sic
946 1021 1014 1070 cese
1035 1007 1206 1086 benignum,

406 1118 521 1199 incepti
543 1119 677 1180 hortator
698 1136 816 1202 queque
838 1117 1056 1197 consiliumque
1078 1117 1212 1184 tussam

406 1229 460 1290 list
481 1228 531 1292 ille
552 1228 684 1306 ingratus
705 1228 834 1307 populus
855 1227 1023 1307 mentisque
1045 1227 1200 1306 malignae,

356 1343 389 1396 60
406 1337 510 1400 Editus
532 1337 653 1417 antiqua
675 1337 792 1400 Fusnnn
814 1338 864 1418 qui
886 1337 924 1400 ab
946 1335 1061 1413 urigine
1083 1337 1164 1402 uenit

406 1447 556 1510 llactenus
579 1453 667 1526 atque
690 1455 771 1512 tenet
792 1453 931 1510 montana
953 1453 984 1508 ct
1004 1465 1092 1512 saxee
1115 1447 1213 1518 cerda,

407 1556 503 1635 Saepe
524 1555 579 1618 tibi
602 1555 728 1620 inlectus
749 1563 872 1636 prepter
892 1555 1049 1622 tenetacta
1069 1556 1189 1629 redibit,
1222 1571 1225 1578 ⁴
1330 1619 1333 1628 ,

406 1667 556 1728 Exercens
578 1664 667 1738 ediec
689 1665 869 1737 demerito,
892 1683 990 1745 neque
1012 1666 1092 1736 euim
1114 1686 1220 1747 aspare
1243 1670 1332 1734 ficum

407 1778 488 1839 luter
509 1774 597 1838 scrba
620 1775 708 1840 dccet
728 1775 807 1838 dulci
829 1776 975 1842 ditescere
998 1777 1105 1842 imetu.

356 1894 390 1947 et
406 1887 496 1950 Fama
517 1893 602 1950 retus
623 1903 747 1948 coecum
768 1885 847 1951 hunc
868 1893 963 1947 vocat.
1008 1886 1129 1959 invida,
1152 1905 1254 1962 arere,
1276 1887 1402 1968 superna

407 1998 486 2058 Gens
509 2003 569 2069 cst;
592 1995 639 2056 lac
661 2005 794 2074 praestes
817 2003 846 2058 te
867 2014 974 2076 purum
994 1996 1129 2060 moribus
1150 1997 1266 2062 herum.

407 2107 467 2168 Sed
489 2113 601 2167 tanturn
623 2106 742 2177 fortuna
765 2104 819 2168 tibi
842 2114 890 2168 tua
912 2114 1011 2170 servat
1031 2105 1185 2179 honorem,

406 2215 512 2278 Esurie
533 2223 566 2278 ut
586 2224 746 2295 superante
769 2214 810 2278 tui
832 2234 902 2300 pars
924 2223 1049 2298 utraque
1071 2215 1161 2280 sitta

408 2325 569 2406 optatura,
590 2325 643 2390 sed
665 2344 681 2388 a
703 2331 802 2388 rostro
824 2327 876 2388 fiet
895 2326 1000 2405 procul
1022 2325 1124 2390 herba.

357 2445 391 2496 70
407 2437 476 2515 lpsa
499 2435 557 2496 sibi
579 2435 617 2498 de
639 2453 673 2496 se
695 2435 849 2500 Fssuttrm
870 2434 1009 2502 animalia
1033 2443 1162 2500 stramen

407 2545 560 2618 dificiant,
583 2553 614 2608 et
635 2545 661 2608 si
684 2563 741 2625 que
763 2564 817 2608 sua
839 2545 917 2608 inter
937 2554 1070 2610 etercure
1092 2546 1192 2625 planta

408 2655 509 2734 Surgit
530 2655 641 2728 adhuc,
664 2655 745 2718 illam
767 2663 890 2734 pareant
913 2655 1100 2733 contingere,
1123 2654 1174 2720 uhi
1197 2653 1306 2720 almum

408 2766 517 2828 Senten
539 2765 727 2830 Romulidum
748 2765 911 2844 reliquum,
935 2764 1080 2830 cunahuta
1101 2775 1260 2844 postquem

407 2874 563 2954 Nequitias
585 2882 685 2940 tentae
708 2875 1005 2948 sustentatricem,
1027 2874 1148 2937 reuirat.

357 2996 390 3052 75
449 2985 577 3057 Totum,
599 2984 671 3049 huic
691 2985 850 3064 respondi,
874 2985 901 3048 si
923 2984 1013 3066 plane
1033 2984 1169 3048 habitura
1192 2983 1320 3046 luissent

406 3095 479 3156 Vota
502 3113 568 3158 mea
591 3102 742 3167 eventum,
765 3096 898 3162 nendum
919 3102 1023 3160 natura
1046 3094 1154 3158 fuisset

406 3206 495 3266 iussa
518 3211 567 3268 tua
589 3204 677 3268 exilio
700 3205 835 3270 mortalia
857 3205 993 3285 linquere
1016 3205 1125 3270 saecla.

407 3315 481 3376 Nam
504 3314 598 3388 subit,
620 3323 709 3394 atque
730 3315 804 3380 mihi
826 3335 879 3378 cor
899 3315 991 3380 imum
1014 3313 1120 3392 affligit
1140 3313 1237 3391 image

408 3424 482 3486 Cera
502 3432 627 3504 paterna
648 3424 707 3498 tui,
729 3426 835 3490 crebro
857 3425 1009 3504 praeclara
1032 3424 1177 3496 docentis,

357 3541 391 3594 8⁰
407 3535 482 3595 llum
503 3535 584 3598 vesei
606 3535 636 3596 in
659 3543 738 3598 terra
760 3535 845 3600 licuit
865 3534 1004 3598 vitalibus
1027 3535 1117 3608 auris,

407 3645 444 3706 Ut
466 3645 590 3717 scirem,
614 3663 672 3724 que
695 3644 822 3724 quisque
843 3645 933 3708 mode
956 3664 1010 3708 sua
1031 3644 1151 3708 nemina
1174 3644 1205 3705 in
1227 3661 1330 3706 aerum

407 3755 567 3819 Aeternum
590 3754 736 3818 extendat.
781 3755 879 3828 Quare
903 3773 991 3834 quam
1012 3762 1095 3833 gruta
1117 3753 1251 3816 voluntas

408 3864 454 3926 lle
475 3863 530 3924 tibi
552 3863 727 3944 conjungat,
750 3865 820 3952 dum
843 3872 902 3928 stat
921 3864 995 3928 milri
1017 3863 1090 3936 rita,
1114 3881 1239 3928 necesse
1261 3869 1315 3934 cel,

407 3973 466 4035 Per
486 3981 619 4034 nestram
641 3984 672 4034 ut
691 3974 790 4053 pessit
810 3974 907 4055 quivis
928 3974 958 4038 id
981 3991 1108 4038 noscere
1127 3973 1270 4050 linguam.

359 4098 392 4153 85
410 4083 493 4156 Quae
515 4101 604 4146 cursu
625 4101 729 4148 narrar
750 4085 788 4148 de
810 4093 929 4158 nosue,
951 4084 1026 4148 haec
1047 4084 1164 4150 tradere
1185 4079 1306 4162 scriptis

409 4193 599 4272 Apprnpere,
623 4201 711 4274 atque
733 4193 792 4256 alie
814 4193 891 4256 libre
913 4193 1097 4258 illustranda*
1110 4189 1246 4271 relinque

410 4302 522 4366 Cuncta
542 4321 626 4368 meae
648 4303 808 4378 llcminae3
831 4303 857 4366 si
881 4321 981 4368 ceram
1003 4303 1121 4368 adstare
1142 4299 1254 4376 licebit,

409 4411 490 4476 llaec
511 4411 595 4476 sciet.
638 4413 671 4476 ld
693 4421 807 4476 tantum
828 4413 916 4493 euple
939 4413 993 4478 tibi
1015 4413 1146 4494 pandere
1168 4417 1286 4490 aperte:

390 4522 483 4584 'llum
505 4521 579 4582 mihi
602 4541 663 4588 nen
684 4523 773 4588 latret
793 4523 891 4586 verbis
913 4541 997 4587 mens
1019 4522 1140 4590 conscia
1163 4518 1282 4591 amaris,
