3236 5394
341 552 401 616 112
757 499 1518 681 tamencum

447 775 508 836 Nos
529 773 608 852 longi
632 782 791 835 extremam
814 773 950 852 scopuli,
972 773 1084 834 laevam
1108 793 1201 854 usque
1223 783 1369 848 tenentes,

404 885 556 946 Descensu
576 883 705 964 petimus
728 882 839 962 ripam,
862 891 950 962 atque
972 882 1102 944 revivere
1123 883 1206 945 visus

405 994 488 1056 Tunc
511 993 610 1073 coepit
629 992 754 1073 propius
777 994 875 1054 fossae
898 991 972 1063 ima,
996 993 1045 1054 ubi
1068 1011 1137 1071 rege
1161 994 1215 1054 sub
1238 993 1298 1055 alto

402 1105 487 1165 Justa
508 1103 568 1176 ira,
590 1102 669 1164 haud
692 1102 808 1182 patiens
831 1100 907 1174 falli,
931 1101 1111 1163 cruciatibus
1134 1103 1215 1181 angit

353 1219 386 1272 55
403 1212 574 1287 falsific0s3
597 1221 684 1292 atque
706 1211 756 1272 hic
777 1211 951 1272 mulcandos
974 1209 1038 1290 ipsa
1061 1213 1182 1274 notarit.

405 1321 533 1383 Tristius
554 1321 632 1383 haud
656 1321 815 1401 quidquam
838 1320 967 1398 Aeginae
991 1319 1100 1382 vidisse
1123 1329 1257 1401 putarem

405 1432 578 1493 Confectum
601 1430 705 1492 morbo
728 1430 877 1491 communi
899 1430 1018 1508 vulgus,
1041 1429 1093 1492 ubi
1115 1437 1167 1492 adr

404 1541 455 1603 Sic
476 1541 583 1621 plenus
605 1539 677 1600 vitio
700 1540 770 1613 fuit,
793 1549 826 1601 ut
847 1557 939 1617 genua
962 1558 1049 1601 omne
1071 1541 1262 1612 animantum,

404 1651 446 1713 ud
469 1650 623 1711 minimum
644 1667 790 1722 vermem,
814 1649 978 1729 collapsum
1000 1657 1096 1710 morte
1118 1648 1244 1728 periret3

353 1767 387 1820 60
403 1761 440 1822 Et
461 1758 540 1838 genti
564 1757 703 1839 antiquae
724 1758 794 1819 dein
816 1759 930 1820 semina
953 1759 1144 1820 formicarum

404 1871 555 1932 Sullecere
577 1886 684 1928 norum
705 1867 863 1948 poputum,
887 1877 918 1930 ut
940 1868 1076 1930 cecinere
1098 1877 1221 1948 poetae;

405 1981 499 2053 Quam
522 1977 573 2058 qui
595 1996 650 2057 per
671 1978 809 2039 tenebras
832 1977 911 2040 illius
933 1977 1017 2040 vallis
1039 1995 1161 2040 acervos

404 2088 579 2150 Umbrarum
600 2087 699 2149 varios
721 2088 860 2165 languere
883 2106 1006 2165 aegrore
1028 2088 1151 2149 videret.

403 2200 463 2261 lste
487 2197 673 2278 superjectus
694 2197 805 2271 ventri,
829 2207 911 2276 tergo
934 2197 984 2260 illc
1002 2197 1123 2278 jacebat

353 2317 387 2372 et
404 2307 547 2380 Alterius,
571 2307 691 2386 quidam
712 2308 856 2387 reptando
879 2307 965 2368 triste
987 2306 1085 2368 cubile
1143 2286 1149 2296 ⁸

404 2418 543 2480 llutabat.
565 2451 606 2460 —-
629 2416 725 2478 Taciti
747 2435 803 2478 nos
825 2416 905 2479 lento
928 2417 1068 2480 incedere
1089 2435 1188 2496 passu,

405 2528 600 2589 Circumferre
624 2527 743 2601 oculos,
767 2546 931 2606 aegrosque
954 2527 1056 2589 audire
1079 2536 1247 2607 querentes,

404 2637 521 2698 Tollere
544 2637 594 2716 qui
616 2636 697 2699 nullo
720 2656 787 2697 sese
810 2637 966 2699 conamine
988 2637 1120 2717 quibant.
1512 2613 1514 2629 ι

445 2747 514 2825 lpse
535 2747 610 2807 duos
632 2746 691 2807 vidi
714 2748 799 2808 nixos
823 2766 855 2809 se
877 2755 996 2820 mutuo,
1019 2766 1072 2808 ceu
1096 2766 1146 2808 vas

354 2866 387 2918 70
403 2855 579 2935 Impositum
601 2857 679 2928 vasi,
703 2857 801 2918 calliat
823 2865 855 2917 ut
876 2876 945 2918 esca
967 2857 1109 2928 vicissim,

403 2967 427 3027 l
450 2965 546 3045 capite
569 2966 604 3026 ad
627 2964 743 3044 plantas
766 2967 927 3028 maculatos
949 2966 1080 3046 undique
1103 2967 1220 3028 crustis.

404 3075 488 3136 Haud
511 3093 638 3154 unquam
662 3075 768 3153 strigili
790 3095 918 3156 propere
939 3096 1114 3156 percurrere
1137 3076 1196 3138 vidi

404 3186 519 3264 Tergus
541 3185 610 3265 equi
632 3204 771 3265 puerum,
795 3185 916 3246 domino
939 3195 1129 3266 exspectante
1150 3193 1307 3259 moratum,

404 3297 461 3357 Aut
483 3314 569 3374 quem
592 3296 745 3375 pertaedet
766 3295 912 3374 vigilando
935 3297 1043 3358 ducere
1066 3305 1198 3376 tempus:

284 3415 285 3418 ’
355 3411 388 3465 75
404 3406 441 3466 Ut
464 3425 497 3465 se
519 3405 645 3485 quisque
667 3425 757 3486 supra
780 3407 1010 3486 properantibus
1031 3405 1179 3484 unguibus
1202 3425 1285 3467 acres

403 3516 459 3575 llic
480 3515 541 3575 illic
564 3515 669 3576 iterum
692 3533 809 3576 morsus
832 3515 1014 3592 geminabat,
1038 3515 1075 3577 cb
1098 3515 1172 3576 iram

404 3625 567 3685 lndomitae
590 3624 713 3685 nimium
735 3625 897 3704 pruriginis
919 3625 1000 3686 omni
1023 3644 1079 3705 ope
1102 3633 1215 3704 captae.

405 3733 442 3794 Et
462 3733 646 3794 conabantur
666 3734 796 3796 scabiem
819 3734 878 3795 sibi
900 3735 1055 3796 detrahere
1076 3753 1199 3812 ungues,

404 3843 532 3905 Sardoni
554 3851 586 3904 ut
608 3844 702 3905 culter
722 3861 875 3924 squamas,
899 3851 950 3906 aut
970 3844 1093 3906 cuilibet
1114 3844 1166 3905 ulli

284 3973 286 3984 ¹
353 3960 387 4012 80
403 3952 527 4030 Largius
549 3952 693 4014 instructo
716 3955 802 4033 pisci.
825 3989 864 3998 -—
888 3954 963 4016 Tum
983 3954 1092 4016 talibus
1113 3973 1203 4017 unum

284 4105 286 4128 2
404 4062 446 4123 De
468 4080 592 4123 numero
615 4081 787 4141 aggressus,
811 4064 898 4126 dictis
920 4066 979 4126 dux
1000 4063 1106 4143 incipit
1126 4064 1219 4125 ultro:

285 4305 287 4316 ¹
405 4282 501 4360 Saepe
522 4299 613 4355 usuc,
636 4283 699 4354 dic,
722 4301 758 4344 an
782 4283 937 4363 quisquam
961 4304 996 4346 ex
1016 4284 1121 4345 tellure
1142 4283 1248 4346 Latina
1509 4250 1511 4271 Ι

285 4409 287 4439 a
405 4390 459 4450 llis
481 4391 655 4453 commistus
677 4401 739 4466 eat3
762 4393 807 4454 sio
828 4393 936 4472 unguis
958 4402 1076 4474 tempus
1100 4393 1130 4455 in
1153 4411 1241 4455 omne
1372 4282 1511 4710 ]

285 4203 287 4265 L
403 4171 446 4244 0,
470 4171 519 4251 qui
542 4179 571 4232 te
593 4172 687 4233 lanias
710 4173 825 4251 digitis,
848 4183 881 4235 ut
902 4175 1015 4254 forcipe
1038 4173 1151 4235 adunca

286 4526 288 4570 r
354 4506 388 4560 85
407 4499 452 4561 Sit
473 4499 527 4561 tibi
548 4520 604 4581 par
625 4502 719 4581 operi.
742 4537 782 4546 —
805 4503 913 4564 Sumus
936 4504 1023 4566 ambo
1046 4523 1082 4566 er
1103 4511 1190 4584 gente
1211 4502 1325 4575 Latina,

286 4629 364 4706 l-

369 4701 703 4710 -.-.--——.-.---—-——.-.
709 4704 721 4710 -
725 4705 809 4711 ...ῳ-ω
815 4703 1371 4716 ......-,..-.......,...........--..»---·-·--
