3362 5414
272 521 341 565 inv
470 547 474 556 .
797 503 996 592 panormio.

370 687 593 760 Novissimum
634 687 781 760 obtineat
819 687 929 760 locum
963 687 1078 760 eadem
1110 688 1267 780 narratio,
1305 712 1402 785 quam
1436 713 1512 762 cum

271 805 344 877 aliis
371 805 569 906 quibusdam
594 805 731 878 Divinae
759 807 956 878 Comoediae
982 805 1151 904 particulis
1177 805 1353 880 Latinitate
1381 807 1513 880 donavit

171 911 173 918 ⁵
271 921 483 996 doctissimus
508 923 712 996 ancrscus
739 925 913 1022 rasum:

341 1104 374 1153 'to
475 1093 514 1156 Ut
535 1094 672 1154 comitem
695 1093 793 1173 audivi
815 1091 984 1173 matresque
1005 1091 1145 1172 virosque
1168 1091 1325 1156 docentem

392 1195 553 1274 Antiquam
576 1212 669 1272 genus
692 1203 722 1257 et
744 1195 896 1257 (licentem.
914 1193 1044 1266 nomina,
1067 1193 1140 1258 vicit

391 1297 438 1357 Me
460 1296 554 1377 pietas
577 1296 724 1358 miserans
747 1304 991 1376 externatumque
1013 1295 1133 1376 reliquit

391 1398 490 1458 Paene
512 1397 639 1458 animus.
683 1391 851 1475 'lum'egor
873 1399 940 1470 fert,
962 1404 1053 1469 vates,
1075 1395 1150 1458 mibi
1173 1391 1263 1457 corde
1286 1395 1395 1477 cupido

393 1497 576 1576 Compellare
599 1498 689 1572 duos,
713 1499 764 1578 qui
785 1517 904 1578 unaque
925 1497 1066 1577 levesque
1087 1497 1224 1558 videntur

342 1612 374 1660 75
394 1599 492 1680 Usque
511 1599 588 1659 adeo
611 1599 751 1661 instantis
774 1599 912 1680 compelli
935 1599 1053 1662 flamine
1076 1599 1162 1660 venti.

391 1701 465 1774 Hoc,
488 1699 594 1780 inquit,
617 1699 743 1780 propius
767 1719 857 1780 quum
879 1699 1014 1774 aderunt.
1059 1699 1144 1761 'l'unc
1166 1707 1226 1762 tute
1249 1707 1354 1779 rogato

394 1803 500 1864 Coram
522 1795 650 1873 adstent,
672 1801 763 1862 illum·
777 1820 840 1880 per,
865 1821 922 1881 quo
947 1801 1102 1874 ducuntur,
1125 1810 1272 1864 amorem:

391 1902 566 1965 advenient.
610 1903 732 1964 Adros
755 1921 825 1981 ergo
849 1921 939 1981 quum
961 1911 1065 1964 ventus
1088 1915 1193 1964 eumes

308 2009 312 2016 “
391 2005 486 2066 Flexit
506 2021 607 2084 agens,
630 2021 684 2082 ego
706 2005 796 2066 talem
818 2003 905 2066 emisi
927 2011 1049 2084 pectore
1070 2007 1212 2064 vocemz'

343 2125 375 2174 80
394 2106 418 2168 0
442 2106 568 2180 animae,
591 2113 708 2168 exercet
730 2105 867 2167 crucians
891 2125 965 2184 quas
988 2105 1073 2167 anxia
1094 2123 1201 2184 poena,

393 2207 426 2269 Si
449 2207 505 2269 fari
526 2208 604 2270 baud
626 2208 749 2268 vetitum
769 2207 865 2281 vobis,
887 2207 946 2268 huo
968 2207 1070 2268 vertite
1093 2204 1229 2283 gressus!

394 2307 515 2381 Quales,
539 2327 613 2388 quos
636 2316 756 2370 revocat
778 2316 917 2369 natorum
938 2327 1018 2382 cura,
1042 2307 1197 2372 columbae

393 2410 438 2470 Ad
460 2409 563 2471 nidum
584 2409 689 2489 pandis
713 2409 831 2470 dulcem
853 2409 1042 2488 immotisque
1064 2410 1201 2469 feruntur

393 2510 466 2584 Alis,
490 2520 598 2591 sponte
621 2511 679 2572 cito
701 2509 849 2571 findentes
872 2517 939 2571 aera
961 2511 1063 2590 lapsu3
1156 2509 1159 2516 ’

344 2629 376 2680 85
394 2613 483 2672 Tales
505 2603 652 2691 externplo
676 2611 803 2690 digressi
826 2631 861 2674 ex
884 2609 1009 2689 agmine,
1033 2603 1110 2672 Dido
1215 2595 1220 2610 “
1342 2687 1345 2699 γ

394 2715 420 2775 lt
442 2730 571 2792 quocum
592 2711 704 2790 regina,
722 2713 822 2773 'malas
843 2722 1002 2792 properata
1023 2731 1079 2792 per
1101 2729 1188 2774 auras
1284 2729 1290 2738 ’

393 2815 488 2877 narbo
512 2834 567 2875 nos
586 2815 676 2894 juxta.
692 2823 808 2894 ponunt
829 2813 963 2892 vestigia.
1007 2809 1135 2874 T'antum

395 2917 548 2979 Clamores
569 2915 671 2976 blandi
694 2925 819 2998 potuere
842 2925 871 2975 ct
892 2917 1019 2977 amantia
1041 2913 1136 2980 dicta!

396 3017 420 3079 0
444 3017 579 3078 animans
603 3017 705 3090 comis,
730 3017 780 3097 qui
795 3015 906 3077 invisis
928 3025 1027 3078 mente
1049 3016 1179 3092 benigna

394 3120 453 3180 Per
472 3119 539 3179 loca
561 3119 707 3179 subrubra
728 3119 910 3180 horrendum
928 3117 1083 3196 nigrantia
1104 3099 1170 3178 luce

344 3236 377 3286 90
394 3221 466 3293 Nos,
489 3220 556 3280 suso
579 3213 702 3298 superas
726 3221 776 3300 qui
799 3221 942 3298 sanguine
965 3219 1106 3280 tinuimus
1129 3237 1215 3279 oras:

395 3321 426 3382 Si
451 3322 540 3382 nobis
563 3321 660 3382 facilis
681 3322 783 3400 magni
804 3323 866 3384 Rex
889 3321 972 3382 orbis
996 3321 1124 3392 adesset,

394 3421 485 3484 Laeta
507 3433 700 3502 precaremur
720 3424 783 3496 tibi,
807 3431 910 3484 nostro
935 3423 1045 3502 quippe
1069 3421 1165 3483 dolori

394 3525 464 3602 lpse
486 3525 601 3586 dolens‘
614 3529 763 3586 tantorum
786 3525 883 3586 animo
906 3521 1050 3584 miserere
1071 3523 1227 3583 malorum.

345 3636 377 3686 95
397 3624 480 3697 Quae
503 3625 572 3696 dici,
597 3626 729 3686 audirive
751 3621 835 3696 velis,
859 3625 993 3686 dicemus
1016 3632 1046 3684 et
1067 3621 1176 3685 iisdem
1272 3657 1275 3664 ι

396 3725 526 3786 Rursum
548 3745 635 3788 aures
658 3727 794 3788 dabimus
818 3725 915 3798 dictis,
939 3727 1002 3788 lora
1024 3743 1175 3787 murmura
1198 3724 1276 3785 venti
1348 3749 1351 3758 ·

396 3827 472 3887 Dum
495 3826 603 3888 sileant
625 3836 655 3889 ut
677 3845 765 3889 nunc.
809 3827 894 3900 Urbs,
919 3827 950 3888 in
973 3847 1030 3907 qua
1051 3827 1138 3894 hausi
1162 3825 1292 3889 aetheris
1315 3825 1385 3886 almi

396 3929 491 3988 buras
513 3927 643 4007 primurn
666 3947 720 4007 ego
743 3939 820 4002 nata,
845 3930 938 4002 sedet,
961 3937 1118 4010 promptus
1140 3928 1170 3990 in
1194 3947 1307 4007 aequor

397 4028 463 4102 Qua
485 4047 552 4089 sese
574 4029 720 4092 Eridanus
745 4031 832 4091 volvit
855 4030 1020 4110 fluviosque
1043 4047 1198 4110 sequaces,
1242 4073 1244 4080 .

332 4147 379 4196 too
397 4130 460 4190 Una
482 4139 515 4190 ut
537 4141 643 4193 cesset:
685 4134 777 4193 Amor
798 4143 902 4196 tenero
926 4133 975 4212 qui
998 4131 1029 4193 in
1053 4133 1143 4198 corde
1165 4131 1288 4211 repente
1319 4187 1323 4194 .

396 4229 554 4292 Insinuans
577 4233 687 4307 haeret,
710 4235 789 4294 huno
811 4235 907 4295 lorma
930 4235 1028 4314 coepit
1050 4235 1186 4303 honesta,

398 4332 480 4405 Quae
502 4333 679 4414 mihi-rapta
701 4353 774 4396 nece
798 4343 859 4411 est;
882 4343 911 4401 et
933 4336 1029 4397 adbuc
1052 4337 1138 4397 dolor
1159 4333 1238 4396 illius
1261 4334 1367 4410 ingens

343 4509 368 4578 *l
389 4519 561 4569 Columhus
579 4521 768 4571 Batinensis
788 4524 802 4572 l.
823 4538 841 4572 c.
860 4537 884 4586 p.
903 4521 960 4572 245.
