3236 5394
776 515 1509 892 ικῑῈηΝοκωῙνΓἾ

897 831 980 913 llll.
1056 879 1073 916 .
1507 893 1509 902 .

447 1013 571 1074 Ventum
593 1017 656 1072 erat
677 1011 708 1072 in
730 1018 844 1090 partes,
868 1009 921 1072 ubi
943 1029 1037 1090 aquae
1058 1009 1186 1072 labentis
1209 1011 1240 1072 in
1262 1010 1365 1076 orbem

404 1121 597 1202 Suppositum
619 1120 763 1201 strepitus
784 1128 902 1182 nostras
925 1119 965 1181 ita
987 1119 1115 1199 perculit
1135 1139 1233 1194 aures,
1507 1204 1509 1219 Ι

404 1233 455 1306 Ut,
479 1232 558 1312 quod
579 1229 667 1311 plena
689 1228 789 1292 solent
809 1229 936 1292 alvearia
957 1229 1090 1303 mittere,
1112 1247 1265 1306 murmur;
1507 1235 1509 1246 '

405 1343 478 1404 Cum
500 1341 656 1402 simulacra
679 1340 768 1400 simul
789 1339 850 1401 vidi
871 1338 927 1400 tria
950 1339 1036 1401 deria
1058 1359 1147 1402 cursu

371 1449 579 1514 tileseruisse
601 1467 706 1528 agmen
728 1449 783 1510 sub
806 1449 871 1511 diro
893 1449 1018 1512 evadere
1040 1449 1142 1510 nimbo

405 1559 551 1642 Supplicii
573 1577 754 1640 properans,
777 1565 808 1621 et
828 1558 916 1620 nobis
939 1559 1024 1622 obvia
1046 1559 1128 1621 ferri.

403 1669 527 1749 Singula
549 1668 730 1732 clamabant:
753 1668 847 1742 Siste,
870 1688 904 1743 o,
928 1686 1016 1748 quem
1037 1668 1139 1748 prodit
1160 1673 1286 1732 amictus

402 1780 588 1854 Nostrarum,
610 1795 717 1858 pravae
739 1785 915 1857 prognatum
937 1777 1051 1840 semine
1071 1785 1179 1842 terrae.

402 1890 458 1952 llei
480 1889 569 1962 mibi,
592 1905 668 1969 quae
690 1906 780 1962 nova,
804 1907 879 1968 quac
901 1895 1000 1949 vetera
1022 1887 1082 1948 illis
1104 1887 1224 1950 vulnera
1247 1889 1346 1952 inusta

354 2008 386 2058 10
402 1998 531 2060 intubus
554 1997 656 2077 aspexi
675 1997 825 2078 jaculante
847 1996 985 2058 incendia
1006 1995 1140 2058 flammai

402 2109 487 2170 Nunc
509 2127 627 2188 quoque
650 2127 735 2169 mens
757 2116 881 2169 renovat
902 2106 1053 2168 revocanti
1076 2106 1146 2168 talia
1169 2107 1290 2170 luctum.

446 2217 599 2292 Substitit,
623 2216 732 2281 auditis
754 2218 860 2278 borum
883 2214 1078 2290 elamoribus,
1102 2224 1132 2277 et
1153 2235 1200 2279 me

402 2327 577 2409 Respiciens
599 2328 721 2388 doctor:
743 2327 863 2388 Maneas
886 2336 916 2388 et
938 2325 1062 2387 comiter
1082 2325 1158 2388 istos

401 2439 474 2512 Fac,
497 2437 552 2511 ait,
573 2436 717 2516 accipias.
760 2436 797 2497 Et
818 2435 849 2496 ni
871 2436 934 2496 iera
956 2435 1072 2514 spicula
1093 2437 1230 2500 llemmae

354 2549 385 2603 lt
401 2547 543 2609 Naturam
565 2546 674 2608 leniant
689 2545 841 2640 peponis,
863 2551 893 2606 te
916 2545 1041 2624 aequius
1063 2563 1131 2607 esse

401 2656 563 2730 Dixissem,
587 2673 675 2736 quam
696 2655 779 2725 illos,
801 2662 982 2735 properante
1004 2655 1147 2718 accedere
1169 2673 1271 2736 passu.

444 2765 483 2828 Ut
503 2765 654 2839 stetimus,
676 2776 760 2828 vetris
782 2765 826 2826 illi
848 2765 992 2826 iterarunt
1013 2763 1113 2826 flebile
1136 2782 1271 2840 carmem

402 2876 497 2955 Atque
519 2875 569 2937 ubi
592 2895 649 2937 nos
671 2884 796 2956 propter
816 2875 893 2937 trina
915 2875 990 2936 baec
1012 2875 1285 2949 simulacrorum,

401 2984 491 3046 Trina
513 2993 610 3048 rotam
632 2985 670 3047 de
692 3004 724 3047 se
747 2985 836 3048 simul
857 2984 1042 3065 implicuere.
1085 2985 1221 3048 Virorum

350 3101 384 3153 au
400 3094 438 3158 Ut
458 3113 524 3157 mos
546 3103 606 3168 est,
628 3094 679 3156 ubi
701 3093 774 3156 nudi
794 3093 936 3174 unctique
958 3095 1075 3156 adstare
1099 3094 1236 3158 solebant

400 3205 560 3284 signantes
581 3205 692 3278 oculis,
716 3221 774 3285 quo
795 3212 913 3266 vertant
933 3203 1031 3284 aptius
1053 3223 1143 3278 arma,

400 3316 475 3376 Ante
497 3315 574 3376 ictus
596 3333 685 3395 qnam
706 3315 785 3377 inter
806 3333 839 3375 sc
862 3325 892 3375 et
913 3314 1034 3378 vulnera
1057 3323 1142 3376 acuta
1165 3315 1294 3388 cierent;

401 3424 522 3503 Singula
543 3443 604 3486 non
626 3425 728 3498 aliter,
752 3424 823 3488 dum
845 3443 878 3486 se
901 3431 994 3498 rotat,
1016 3424 1121 3486 umbra
1142 3424 1272 3487 tenebat

400 3535 434 3596 ln
455 3551 503 3596 me
524 3553 641 3595 versam
663 3534 757 3596 aciem
780 3533 839 3606 sic,
862 3543 895 3596 ut
917 3533 1066 3596 contraria
1089 3534 1166 3596 eollo

350 3650 382 3704 25
399 3643 504 3705 Planta
526 3643 584 3704 iter
605 3643 724 3704 assidue
747 3644 867 3705 laceret.
890 3677 931 3688 -
954 3644 1039 3706 'luno
1060 3643 1166 3725 incipit
1187 3663 1278 3706 unus:

400 3752 433 3815 Si
455 3752 540 3815 locus
562 3753 612 3813 hic
633 3753 726 3814 miser
747 3751 880 3814 instabili
903 3753 1070 3816 substratus
1093 3771 1191 3828 arena,

401 3861 525 3924 'linctus
547 3872 578 3923 et
599 3870 752 3942 aspectus,
775 3862 931 3944 tristisque
953 3863 1055 3924 odisse
1076 3862 1211 3926 monebit
1272 3883 1274 3887 ·

400 3972 461 4034 Nos
483 3979 661 4052 nostrasque
683 3992 805 4053 preces,
828 3984 859 4034 at
880 3974 986 4036 saltem
1006 3974 1125 4036 flectere
1147 3980 1250 4036 nostra

400 4081 488 4143 Fama
512 4089 592 4143 tuam
613 4082 709 4145 valeat
729 4091 873 4156 mentem,
898 4090 928 4145 st
950 4084 986 4146 da
1009 4083 1140 4156 discere,
1164 4083 1215 4164 qui
1237 4083 1290 4157 sis,

351 4197 384 4248 30
402 4190 461 4252 Cur
481 4190 561 4252 vivas
584 4192 625 4254 ita
648 4193 693 4255 las
714 4201 778 4255 tuto
801 4202 847 4257 est
868 4192 1007 4254 lriouisse
1030 4193 1164 4254 cavernis

402 4301 553 4362 Tartareis
574 4301 701 4381 plantas.
744 4302 800 4364 llio
821 4301 880 4375 vir,
902 4302 1028 4382 vestigia
1049 4303 1135 4384 cujus

400 4411 446 4472 lle
469 4409 584 4474 calcare
606 4412 705 4486 vides,
729 4429 908 4492 quamquam
930 4412 975 4474 sio
995 4421 1078 4475 reste
1099 4412 1230 4493 pilisque

402 4521 528 4600 Captus,
552 4521 588 4583 de
611 4522 725 4603 majore
748 4521 840 4601 gradu
863 4529 922 4596 est,
945 4541 1034 4604 quam
1057 4523 1133 4585 torte
1156 4524 1291 4605 putabas.
