3214 5400
605 525 783 578 l'llllGll'lOllll
803 526 830 576 x.

207 749 257 811 Sic
279 766 361 818 raro,
386 754 418 808 ut
439 747 521 826 prius
544 743 673 820 attigerit
694 763 764 824 pars
786 759 890 805 manca
913 759 1054 806 recurvae

208 860 309 920 Lunae
328 858 391 938 jam
413 855 566 936 proprium
590 873 658 916 mox
680 853 852 931 ingressura
876 849 984 924 cubile,

209 968 303 1041 Quam
327 969 372 1029 las
395 972 476 1027 esset
498 981 569 1025 acus
592 965 672 1025 exire
694 964 838 1025 foramine
861 961 948 1024 nobis

209 1079 252 1139 Ex
274 1078 335 1138 illo.
379 1076 475 1155 thue
498 1091 601 1134 sumus
623 1073 688 1134 loca
711 1072 804 1134 libera
827 1080 987 1152 apertaque
1011 1071 1097 1144 nacti,

163 1188 310 1250 melinus
331 1185 384 1247 ubi
405 1185 484 1247 cedit
504 1191 605 1254 retro,
629 1201 756 1262 seseque
779 1189 919 1256 coarctat,

209 1299 322 1359 Lassus
345 1313 441 1365 eram,
464 1291 605 1372 dubiique
628 1292 732 1366 ambo,
755 1310 814 1371 quo
837 1291 959 1352 tendere
981 1308 1111 1368 gressus,

212 1407 368 1484 Quamque
390 1411 492 1465 tenere
514 1403 591 1464 viam
614 1409 695 1463 esset
716 1420 801 1482 opus.
845 1401 907 1462 Nos
930 1419 1051 1480 campus
1073 1400 1202 1461 ilabebat

210 1516 282 1578 Plus
304 1513 397 1576 multo
419 1512 519 1584 solus,
544 1529 632 1591 quam
655 1511 716 1572 sint
735 1530 790 1590 per
811 1510 961 1590 inhospita
984 1509 1085 1572 calles.

211 1626 302 1687 istius
324 1644 341 1685 a
364 1622 493 1702 sponda,
517 1640 605 1700 mam
628 1621 846 1682 circumscribit
868 1621 965 1693 inane,

161 1751 193 1802 eo
210 1736 311 1815 Usque
334 1732 371 1794 ad
392 1732 510 1794 radices
532 1732 623 1805 altae,
647 1750 703 1811 qua
727 1737 773 1791 est
794 1730 953 1802 scandere,
976 1730 1061 1810 ripae

212 1843 354 1924 Corporis
375 1841 498 1903 humani
519 1841 625 1922 triplex
646 1858 785 1902 mensura
807 1848 936 1919 pateret:

210 1955 249 2016 lit
271 1949 368 2032 quoad
390 1969 407 2013 a
430 1950 512 2012 laeva
534 1950 670 2012 dextrave
692 1949 852 2012 extendere
874 1949 976 2029 quibat

210 2064 319 2125 Nostra
339 2061 419 2124 acies
442 2060 520 2133 alas,
544 2060 611 2121 talis
633 2059 706 2122 mihi
727 2060 790 2122 risa
812 2076 923 2121 corona

211 2174 265 2236 Est
284 2173 371 2234 haec.
414 2170 521 2232 Nostra
542 2170 604 2232 illic
626 2171 757 2232 nondum
779 2177 967 2250 promoverat
989 2188 1081 2232 unum

162 2292 193 2344 25
211 2283 315 2345 Planta
337 2281 476 2358 gradum,
500 2279 744 2360 circumspiciens
767 2298 835 2342 cum
856 2280 932 2342 lranc
953 2278 1085 2359 undique
1107 2298 1221 2359 rupem,

213 2393 296 2466 Quae
318 2391 417 2452 miuus
440 2391 620 2454 adscensum
640 2390 806 2452 concedere
824 2389 900 2471 juris
923 2388 1060 2462 habebat,

213 2501 345 2582 Cognovi
367 2502 445 2561 hanc
468 2507 559 2562 totam
581 2500 699 2562 canenti
721 2519 757 2562 ex
778 2517 936 2572 marmore,
960 2498 1063 2561 lormis

214 2613 344 2677 Galatam
366 2611 425 2684 sic,
448 2618 482 2672 ut
503 2627 563 2671 uon
582 2611 645 2690 jam
666 2608 850 2690 Polycletus,
873 2618 902 2672 at
924 2607 989 2688 ipsa

213 2723 322 2784 Natura
344 2720 395 2781 lric
417 2720 552 2798 pendens
573 2720 723 2782 haesisset
746 2720 820 2782 victa
842 2719 968 2799 pudore.

164 2847 196 2900 so
255 2831 387 2908 Angelus
410 2829 572 2891 interram
594 2829 721 2904 missus,
745 2831 795 2911 qui
819 2829 940 2892 loedera
960 2829 1043 2909 pacis

214 2943 376 3013 Firmaret,
399 2938 509 3001 multos
532 2957 607 3020 quae
629 2939 810 3019 complorata
832 2957 887 3019 per
909 2957 1002 3001 annos

214 3052 289 3113 Post
310 3049 499 3112 interdictum
522 3049 643 3127 longum
666 3050 808 3129 patelecit
829 3048 995 3129 Olympum,

215 3163 291 3223 Ante
315 3159 419 3221 oculos
442 3158 559 3232 aderat,
581 3167 641 3222 tam
662 3177 750 3220 verus
772 3159 915 3236 imagine,
937 3165 1055 3237 tamque

216 3269 304 3332 Suari
327 3270 511 3348 compositus
534 3277 633 3348 gestu,
657 3277 688 3330 ut
708 3276 821 3330 mutum
844 3287 911 3329 esse
933 3285 1076 3346 negares;

166 3391 197 3445 ³5
214 3379 337 3442 Jurares
358 3378 439 3440 hunc
460 3378 576 3441 dicere:
599 3373 678 3440 Ave!
700 3397 767 3440 nam
789 3377 923 3456 proxima
944 3377 1051 3450 stabat,

217 3489 299 3563 Quae
321 3471 504 3550 recluseram
528 3490 661 3568 supremi
683 3489 790 3569 pignus
813 3487 923 3548 amoris

216 3597 515 3672 commendarem,
540 3598 655 3677 efligies
678 3617 805 3679 operosa
826 3597 977 3674 magistro,

217 3709 350 3788 Tamque
373 3707 474 3769 habitu
496 3708 635 3788 proprio,
658 3719 777 3789 tamque
799 3727 851 3770 ore
874 3706 1021 3768 simillima
1042 3705 1129 3767 lanti:

217 3819 291 3880 Ecce
313 3817 424 3879 ancillo
445 3817 516 3890 Dei,
540 3837 628 3898 quam
651 3820 737 3898 signo
759 3819 905 3899 impressa
927 3817 1020 3894 figura

167 3939 201 3992 tu
216 3929 250 3990 ln
273 3945 360 4013 cera,
373 3961 416 3971 -
437 3927 522 3990 Haud
545 3928 648 3991 oculos
669 3938 784 4010 partem
806 3927 926 4005 deligito
949 3926 979 3987 iu
1001 3943 1100 3996 uuam,

217 4037 319 4099 Dulcis
342 4037 383 4099 ait
405 4038 539 4117 sapiens,
563 4039 613 4119 qui
636 4059 683 4100 me
706 4039 764 4100 sibi
786 4057 865 4118 pone
888 4037 1041 4099 sinistrum

218 4147 420 4226 Stringeutem
442 4148 519 4211 latus
540 4149 685 4229 adspexit.
730 4149 805 4210 Tum
826 4147 938 4209 lumina
958 4146 1045 4218 movi,

218 4262 313 4337 Atque
336 4256 385 4317 hic
407 4265 478 4337 post
499 4259 615 4320 Μιιιῑιιι
638 4260 755 4338 signum
778 4277 835 4338 qua
858 4277 893 4320 ex
915 4263 997 4336 parte
1019 4253 1159 4316 manebat

219 4367 359 4428 llortator
381 4368 496 4442 dexter,
520 4370 612 4431 series
635 4388 734 4431 rerum
756 4369 848 4430 altera
870 4367 937 4446 rupi

168 4487 201 4540 ts
219 4477 360 4557 imposita
385 4480 528 4553 occurrit,
553 4497 643 4558 quare
666 4478 753 4540 simul
775 4478 840 4558 ipse
863 4483 982 4560 poetam
