3236 5394
305 571 345 634 38
747 571 941 623 russanenun
959 573 986 622 x.

261 667 722 676 ww

369 791 456 856 Hune
478 792 577 854 subite
600 792 730 855 sonitum
752 811 787 852 ex
809 792 887 853 arcis
909 791 1050 853 emiserat
1070 810 1139 854 una.

414 903 511 976 Quare
534 903 688 964 duetorem
709 901 849 982 propium
873 902 1016 963 suadente
1038 921 1157 981 pavere,

319 1024 352 1075 25
369 1011 502 1073 Accessi.
546 1012 599 1073 Ille
621 1019 720 1073 autem
742 1011 831 1072 mihi:
854 1011 998 1090 Respice3
1022 1010 1093 1089 quid
1116 1007 1215 1071 lauis?
1236 1012 1342 1092 inquit.

371 1123 466 1184 Cerne
488 1121 672 1191 anrnarnu,
697 1121 747 1200 qui
770 1139 837 1181 sese
860 1120 983 1193 arrexit,
1007 1130 1036 1181 et
1059 1120 1165 1193 adstat,

369 1231 452 1293 Pube
473 1239 560 1292 tenus
581 1240 676 1293 totum
698 1231 809 1292 videas.
851 1230 917 1291 Jam
940 1231 996 1290 lira
1018 1227 1158 1290 manebat

369 1341 464 1421 Hujus
486 1340 517 1401 in
540 1359 574 1401 es
598 1339 677 1402 aeies
701 1340 793 1412 oculi,
818 1357 884 1400 eum
906 1347 1011 1419 peetus
1034 1345 1064 1400 et
1086 1338 1214 1418 amplam

370 1449 496 1514 Sustulit
518 1451 544 1510 is
566 1450 708 1522 luentem,
731 1449 822 1510 veluti
845 1449 870 1510 si
892 1447 1080 1528 Erebumque
1103 1449 1260 1530 Chaosque
1360 1507 1365 1518 ,

319 1561 352 1613 30
369 1559 529 1620 Temneret
551 1557 724 1637 indignanst
748 1567 810 1620 tum
832 1577 901 1619 vere
923 1558 1058 1620 animosa
1079 1557 1213 1639 levisque

368 1668 475 1730 Dextra
498 1667 583 1729 ducis
606 1669 736 1730 tumulos
759 1675 863 1728 eontra
885 1687 933 1730 me
955 1667 1082 1748 impellit
1103 1667 1140 1729 ad
1162 1668 1270 1748 ipsum,

369 1778 421 1840 Sie
441 1779 549 1840 laude:
574 1777 637 1839 Tua
660 1777 720 1838 sint
742 1785 894 1839 numerata
917 1797 951 1840 ae
973 1777 1066 1838 libera
1087 1778 1187 1840 verba.

369 1889 464 1968 thue
487 1886 555 1950 steti
578 1898 645 1948 ante
669 1905 783 1961 aream,
805 1886 937 1968 paullum
957 1907 1004 1948 me
1026 1885 1138 1948 lumine
1161 1887 1283 1964 lustrat3

368 1997 482 2060 Deinde
506 1997 591 2079 qnasi
613 1997 722 2060 iratus:
747 1997 863 2071 Quibus
885 2016 917 2058 es
940 1996 1104 2078 majoribus
1126 1994 1233 2058 ortus?
1344 2057 1345 2060 ,

318 2117 350 2170 ab
368 2106 456 2168 Dixit.
500 2108 579 2186 lige,
604 2109 654 2188 qui
677 2108 797 2168 aderam
820 2106 926 2186 cupide
948 2125 1054 2186 parere
1076 2115 1207 2187 paratus,

368 2216 401 2283 ld
423 2235 483 2278 nou
507 2217 614 2291 celavi,
638 2217 732 2278 nitide
755 2215 808 2277 sed
831 2224 937 2278 cuneta
957 2215 1061 2277 retexi.

411 2326 510 2392 Triste
530 2327 724 2406 supercilium
746 2335 809 2387 tum
831 2305 951 2387 sustulit
971 2325 1022 2387 ille
1044 2343 1213 2405 parumper,

367 2438 462 2515 Atque
486 2435 597 2515 inquit:
622 2436 700 2497 Gens
724 2445 819 2497 restra
842 2435 916 2496 mibi
938 2435 1103 2516 primisque
1126 2453 1259 2497 meorum

368 2549 463 2631 Atque
485 2565 569 2606 meae
591 2546 671 2624 genti
694 2545 750 2607 tuit
770 2545 880 2606 acriter
900 2552 1049 2618 aversata3

317 2666 351 2718 4ο
368 2655 419 2716 Bis
441 2655 509 2716 ldee
532 2655 610 2716 hane
632 2655 704 2716 ludi.
748 2655 825 2716 Huic
847 2662 965 2716 eontra:
990 2655 1021 2716 Si
1045 2655 1111 2716 lusa
1132 2655 1273 2735 premgit,

367 2765 419 2828 Bis
441 2773 540 2828 tamen
562 2766 621 2824 hue
642 2783 745 2826 rursus
767 2764 895 2826 reditum
917 2765 985 2826 tulit
1005 2765 1154 2845 undique3
1176 2774 1207 2827 at
1227 2764 1315 2828 istam

367 2875 434 2942 Neu
455 2875 532 2936 bene
554 2881 700 2935 neverunt
720 2874 811 2934 vestri
833 2882 936 2935 artem.
979 2875 1036 2936 llic
1059 2875 1160 2940 umbra
1182 2876 1299 2937 reelnse

367 2985 459 3047 Buste
482 2985 539 3045 alia
563 3003 738 3062 assurgenS,
762 2993 861 3051 mente
883 2991 970 3045 tenus
993 2985 1103 3045 exserit
1124 3003 1176 3045 era
1256 3031 1259 3038 .

368 3095 454 3158 Hunc
475 3101 607 3173 propter.
653 3094 793 3156 Genubus
816 3113 864 3167 ae,
890 3095 994 3166 eredo,
1019 3093 1120 3155 innixa
1143 3093 1263 3156 levarat.

317 3213 350 3266 eb
368 3205 433 3268 Huc
454 3203 525 3265 illuc
546 3203 666 3266 volvens
690 3205 807 3277 ocules,
831 3211 985 3285 totumque
1007 3221 1167 3284 pererrans

367 3314 438 3380 visu
460 3333 507 3374 me
530 3314 636 3387 tacite,
659 3315 755 3384 stetit,
780 3324 812 3375 ut
834 3313 884 3393 qui
906 3331 1032 3374 noscere
1056 3323 1164 3387 averet,

366 3425 442 3488 Num
466 3425 533 3510 quis
554 3424 686 3484 venisset
707 3441 833 3491 mecum.
877 3425 916 3486 Ul
937 3425 1077 3484 frustrata
1100 3432 1231 3486 tuentem

369 3535 445 3613 Spes
468 3545 527 3606 est,
551 3533 749 3594 illaerimans:
774 3533 806 3594 Si
828 3534 887 3593 hee
909 3545 1031 3594 eneeutn
1057 3533 1187 3594 carceris
1211 3541 1326 3594 autrum

369 3643 494 3704 Sublimi
518 3643 638 3721 ingenio
662 3644 755 3703 fretus
777 3641 957 3722 perlabens,
981 3642 1087 3722 iuquit,
1158 3665 1163 3678 ·

318 3767 350 3819 5⁰
367 3753 460 3814 Natus
483 3753 533 3814 ubi
554 3769 639 3812 meus
662 3749 730 3813 esti
754 3752 901 3824 Quianam
923 3772 983 3813 uon
1006 3754 1103 3826 adstat
1124 3753 1240 3833 etipse

368 3859 504 3923 Tecum?
525 3863 588 3940 Ege
610 3872 681 3923 tune
703 3860 762 3923 illi:
785 3861 851 3922 Neu
873 3879 929 3941 per
949 3881 997 3924 me
1019 3863 1093 3924 baee
1114 3881 1203 3940 regna
1228 3861 1341 3937 subivi3

367 3973 422 4033 Est
443 3972 516 4033 inibi
539 3971 611 4045 dux,
635 3971 698 4032 illie
721 3971 770 4050 qui
792 3971 1004 4050 praestolatur,
1029 3979 1059 4032 et
1079 3971 1130 4033 ille
1152 3981 1207 4046 est,

369 4081 459 4162 Cujus
483 4083 545 4142 lers
566 4091 666 4143 vester
687 4081 823 4160 desperit
845 4081 976 4142 earmina
999 4082 1119 4143 Guneus

409 4191 447 4251 Et
467 4192 556 4251 verba
580 4200 609 4252 et
631 4191 706 4252 ratio
730 4210 844 4270 poenae
867 4191 940 4255 mihi
963 4211 1072 4252 nomen
1095 4201 1197 4270 aperte

318 4313 350 4366 55
367 4302 461 4381 Hujus
483 4301 692 4380 prodiderant3
717 4319 807 4380 quare
830 4301 875 4361 sic
896 4301 983 4380 plena
1007 4301 1109 4362 remisi
1173 4317 1178 4324 ·

367 4411 533 4490 Responsa.
577 4411 665 4491 lsqne
689 4411 789 4472 statim
811 4418 905 4472 tetum
926 4431 958 4472 se
981 4411 1091 4473 arrexit
1113 4410 1277 4490 elinquit:
1317 4431 1320 4434 ·

367 4521 446 4594 Heu,
471 4521 542 4600 quid
566 4521 625 4593 ais,
648 4529 747 4582 vester
769 4518 927 4606 despexit?
949 4521 992 4582 An
1016 4501 1066 4582 ille
1089 4529 1242 4601 superstes
