3234 5396
622 477 758 530 Ptntutst
777 477 824 529 vti.

220 694 275 757 Dic
296 695 449 767 Dominae,
470 695 563 772 guttis
583 695 735 776 praesenti
757 696 895 762 dulcibus
915 715 1033 764 ornnem

220 805 399 868 Exeaturare
420 804 513 866 sitim.
536 835 576 850 -
598 805 636 868 At
657 814 721 868 toto
742 806 842 889 pudor
862 807 912 873 ille
933 809 1048 890 petitas

221 915 355 987 Pectore,
378 923 536 977 uouentem
558 915 735 995 depromere
756 916 846 980 verba
869 917 968 980 soluto

223 1023 291 1098 Ore,
313 1023 487 1086 Baarnncuu
508 1041 557 1086 mo
579 1025 760 1106 conpellare
780 1024 907 1100 uetabat,

173 1149 205 1204 15
222 1133 259 1196 Ut
278 1152 368 1214 quem
389 1133 526 1196 debilitat
546 1151 680 1196 sumnus.
724 1135 787 1198 Nec
806 1155 897 1216 passa
919 1137 1051 1200 Brurnrn

220 1241 372 1306 Balbutire
393 1243 446 1304 diu
467 1253 523 1316 est,
544 1243 644 1306 vomis
665 1251 697 1307 ct
717 1245 828 1308 talibus
850 1245 924 1319 iulit,

220 1352 275 1414 ltlo
297 1352 337 1414 mi
359 1353 480 1415 rodiam
501 1353 575 1425 risu
596 1353 649 1434 qui
671 1373 818 1436 quemque
840 1355 944 1419 bearet

221 1463 256 1524 ln
278 1461 377 1527 medio
399 1453 468 1542 iq'nc
489 1463 659 1542 homiuem:
682 1465 725 1526 'le
747 1465 825 1527 lalse
847 1465 989 1547 impervie
1012 1465 1122 1530 iontem

221 1573 287 1635 Jam
309 1571 413 1635 uideo:
435 1590 537 1653 quare,
561 1571 611 1654 qui
634 1590 763 1655 poenam
781 1575 850 1656 jure
870 1576 1012 1656 poposcit

170 1692 204 1745 tt
220 1684 344 1755 Laesus,
367 1681 395 1744 is
416 1681 529 1746 ultores
547 1682 615 1763 iuro
637 1683 717 1746 haud
738 1692 786 1746 est
806 1703 915 1766 passus
937 1683 1072 1748 inultos?
1204 1689 1207 1698 “

219 1794 259 1855 nt
277 1791 335 1854 tibi
356 1809 424 1853 mox
446 1799 576 1856 mentem
598 1793 763 1874 expediam,
786 1801 819 1856 tu
839 1794 923 1874 flgito
945 1796 1025 1858 dicta

219 1903 302 1966 ilaec
323 1901 439 1978 cuimo;
460 1919 527 1970 mea
548 1901 630 1965 enim
650 1902 751 1982 maqni
772 1905 921 1967 sententia
943 1906 1015 1968 dour

220 2013 318 2075 Instar
339 2009 405 2108 erit
430 2043 468 2056 -·
493 2011 552 2086 Qui
573 2012 619 2074 vir
639 2029 701 2074 non
721 2011 804 2074 venit
825 2012 900 2076 lueis
922 2014 954 2076 iu
976 2033 1046 2078 ores

219 2124 395 2202 Prognatus,
419 2121 502 2184 irena
523 2121 574 2184 illa
595 2119 756 2200 indignans
778 2130 846 2202 apta
868 2123 976 2188 uolenti

170 2240 203 2294 at
221 2232 336 2306 Virtuti,
358 2249 427 2294 seso
448 2229 606 2294 damnatus
627 2231 768 2312 perdidit,
789 2249 849 2294 uuo

221 2341 376 2406 llamnnrit
396 2358 492 2419 genus
512 2359 612 2404 omne.
654 2340 726 2404 ldeo
748 2360 804 2422 per
824 2342 942 2404 saecula
964 2342 1056 2406 inulta

220 2452 254 2515 ln
275 2450 392 2530 magnis
411 2450 507 2532 jacuit
527 2467 602 2530 gens
622 2458 715 2514 strata
736 2451 864 2517 humana
886 2451 1020 2517 tenebris
1086 2497 1089 2504 -

220 2561 326 2641 tleqra,
347 2560 402 2626 liei
423 2560 522 2638 Verbo
545 2560 642 2624 donec
662 2560 847 2624 descendere
867 2560 964 2624 viseum
985 2572 1041 2638 est

219 2671 322 2734 Juuxit
342 2670 394 2732 uhi
415 2686 545 2751 persona
566 2668 656 2752 hujus
678 2669 737 2732 sibi
759 2678 867 2752 sponte
889 2671 1031 2736 rebellem

96 2777 99 2786 “
169 2791 203 2844 td
219 2783 361 2845 Naturam
383 2789 505 2843 auctore
527 2799 544 2842 c
565 2780 689 2860 proprio
710 2780 859 2862 longeque
881 2792 1035 2858 remotam,

133 2910 135 2914 ·
218 2893 349 2956 deteruo
370 2890 511 2954 tendente
531 2909 635 2955 arctam
655 2891 861 2954 tanmnnmodu
883 2892 1003 2957 Amore.

261 3002 322 3064 Fac
344 3019 424 3062 nunc
444 3000 581 3080 adqcrtcs
602 3010 641 3074 et,
664 3019 741 3081 quae
762 3001 869 3075 dicum,
891 3002 995 3082 accipe
1016 3012 1126 3066 mente.

219 3112 263 3174 Ex
283 3109 380 3174 cinito
402 3109 459 3172 ista
480 3117 580 3172 creata
600 3128 709 3174 recens
729 3117 834 3172 nutura
854 3111 972 3190 parenti

218 3222 327 3285 Juucta
348 3239 413 3293 suo,
436 3219 534 3300 qualis
554 3219 624 3282 licta
646 3227 702 3292 est,
724 3219 781 3282 fuit
801 3219 926 3298 integra,
945 3221 1046 3301 justa3

169 3338 202 3392 at
219 3331 259 3392 tt
278 3330 432 3412 propriam
453 3328 493 3392 ot
514 3347 621 3392 nomm
642 3347 735 3408 regno
755 3337 803 3392 eat
822 3329 947 3410 depulsa
969 3330 1075 3408 beeto;

219 3440 294 3505 Nam
316 3458 384 3503 seso
406 3457 423 3500 a
443 3457 514 3502 uero
534 3438 624 3502 vertit
642 3438 762 3518 vitaque
782 3437 895 3520 priore.

169 3535 170 3540 ἵ
219 3551 320 3612 Poena
342 3548 440 3630 iqitm,
462 3567 551 3629 quam
572 3567 645 3612 cmx
665 3549 852 3612 subeundum
871 3549 1011 3631 praeierit
1031 3551 1084 3626 illi,

219 3659 252 3722 Si
275 3658 440 3722 commetiri
462 3667 511 3721 est
529 3666 674 3747 naturem,
697 3677 785 3740 quem
806 3659 865 3724 sibi
888 3660 1025 3742 sumpsit,

220 3771 295 3833 Cum
317 3787 431 3850 pocus,
451 3767 566 3831 nullum
586 3777 667 3832 nutu
690 3787 820 3850 uuquam
837 3769 906 3850 jure
927 3771 1097 3832 momordit.

170 3886 203 3938 tt
219 3880 257 3942 tt
277 3879 391 3962 pariter
411 3896 563 3960 nunqnam
586 3878 645 3942 ulla
667 3878 723 3942 luit
744 3886 804 3942 tam
826 3878 933 3959 injuria
956 3895 1062 3960 pecua,

219 3989 252 4052 Si
275 3998 306 4051 tu
328 4007 498 4070 personam,
521 4007 652 4070 quaese
674 3988 855 4068 compressit
875 3989 907 4052 in
929 3989 1018 4052 istam

219 4099 369 4171 Naturam,
383 4099 547 4179 inspicias.
590 4099 634 4176 lix
653 4117 715 4162 uno
737 4097 873 4180 simplice
895 4100 974 4162 lacto

219 4209 341 4271 Diuersa
364 4208 551 4274 exstiterunt.
592 4207 709 4272 Placuit
729 4225 811 4272 mors
832 4227 890 4272 uua
911 4208 1035 4290 licoque

217 4319 416 4400 ludaeisquc:
438 4319 478 4380 oh
499 4337 566 4382 eam
587 4318 676 4382 tellus
697 4336 845 4382 concussa
866 4331 996 4384 tremore

168 4432 201 4486 td
219 4428 352 4503 Horruit,
375 4437 405 4490 et
425 4437 529 4511 portas
549 4426 692 4510 patefecit
711 4428 795 4510 regia
817 4428 904 4490 coeli.
