3234 5396
336 505 399 572 304
803 512 936 564 ranlntst
953 513 993 563 ill.

305 602 552 612 —mh-——a-—m
554 603 1507 618 0-1——-—4„—-.-.———-—-.--—---—-—

741 603 1507 664 -“”’““““““““’“““““““““““““ι

404 729 519 794 Incedit
540 731 668 812 quidam,
692 732 738 795 eui
758 731 822 813 jum
844 739 904 796 stat
923 740 986 795 rete
1007 740 1142 813 paratum
1247 781 1250 790 a
1505 669 1507 732 ¹

404 840 507 920 lpsum
529 849 691 921 capturum.
734 841 832 906 rlenit
853 858 972 922 quaque
994 842 1129 905 lieltna'
1121 841 1256 921 rniqnuan
1307 873 1311 884 ·
1371 889 1373 896 ,

403 949 537 1013 Pastoris
559 951 685 1025 lacinus,
707 952 760 1014 nti
782 969 858 1032 quae
879 950 947 1014 labe
968 944 1122 1032 probrosa
1504 997 1507 1032 ,

404 1061 478 1132 Fiet,
502 1069 534 1126 ut
555 1060 595 1124 ab
616 1060 746 1124 anatum
767 1079 802 1124 ae
823 1078 1002 1141 quanquam
1022 1060 1111 1124 Malta
1131 1061 1248 1138 negarit

353 1185 387 1240 ω
403 1169 493 1234 Antra
515 1187 568 1234 sua
590 1171 757 1250 ingressum
778 1171 900 1234 vidisse.
944 1171 1005 1234 Sed
1027 1171 1114 1234 unius
1136 1177 1218 1232 esset

403 1279 508 1361 Ampla
529 1281 619 1343 nimis
640 1299 781 1343 mensura
803 1281 877 1354 eati,
900 1289 1059 1360 exceptura
1081 1297 1228 1353 eruorem.

405 1389 502 1464 Quem
522 1391 584 1454 sels
606 1391 749 1454 effudisse
771 1399 847 1463 tuas,
869 1390 1013 1462 Ferraria,
1035 1407 1142 1465 renam

403 1499 441 1562 Et
461 1499 629 1574 lassaretur,
652 1501 679 1563 si
701 1501 749 1564 eni
772 1503 849 1564 terte
870 1500 960 1562 unna
979 1499 1091 1564 lanae
1504 1463 1508 1578 ¹

403 1609 525 1688 Singula
547 1609 732 1672 sellibranrla
755 1611 839 1684 leret,
862 1629 952 1690 quem
972 1609 1128 1690 presbyter
1147 1609 1198 1672 illa

353 1732 386 1788 55
404 1720 517 1798 Largus
539 1719 670 1793 donabit,
693 1719 791 1784 studia
812 1727 845 1782 ut
866 1738 921 1783 sua
942 1719 1118 1800 eumprobet
1134 1717 1183 1782 illi

403 1828 500 1904 Parti3
521 1837 610 1909 atque
632 1828 719 1892 istius
740 1829 935 1908 genaenerae
958 1845 1088 1907 eongrna
1108 1830 1186 1892 ultae

404 1938 487 2000 Talia
507 1937 586 2002 duna
608 1939 716 2002 serent.
759 1939 842 2002 Coeli
862 1938 1042 2002 sublimibus
1063 1940 1182 2002 adstant

403 2048 437 2110 ln
459 2047 580 2128 templis
602 2049 734 2130 specula,
756 2050 814 2112 ista
836 2049 962 2112 &uass
984 2065 1058 2128 gens
1078 2057 1174 2112 vesun
1194 2051 1319 2124 sonarit,
1504 1787 1604 2224 ¹¹

402 2157 517 2220 tudinis
539 2157 616 2220 alma
637 2158 691 2222 Ilei
712 2159 763 2222 lux
783 2159 871 2222 nelis
892 2160 972 2222 unde
992 2159 1120 2238 refulget

352 2281 387 2334 tu
404 2267 465 2341 Sic,
486 2275 528 2341 ut,
552 2285 628 2349 quae
648 2269 718 2342 tliai,
740 2287 797 2332 nes
818 2269 937 2350 pondus
958 2269 1079 2332 habere
1091 2277 1239 2350 putamus.
1505 2213 1604 2418 ¹

445 2378 502 2440 llie
523 2379 614 2440 tacuit
634 2378 801 2460 similiaque
822 2379 897 2442 alias
920 2379 975 2442 sub
997 2387 1120 2459 pectore
1142 2396 1228 2442 eume

403 2487 585 2552 volventi'
559 2507 623 2550 ursa
644 2497 699 2562 est,
722 2489 771 2560 nb
795 2507 883 2570 quam
904 2489 984 2552 relat
1004 2497 1072 2552 ante
1093 2489 1202 2552 rotavit

405 2599 574 2661 Centrum
566 2616 709 2677 maressa,
731 2608 836 2662 rotam.
880 2599 981 2662 llilri'
970 2617 1033 2680 jam
1053 2607 1140 2662 notae
1162 2599 1256 2664 altera
1277 2600 1374 2662 terma
1505 2571 1509 2657 i

403 2707 545 2770 Laetitiae
565 2708 718 2788 praeclara
740 2708 836 2772 oeulis
857 2709 1000 2790 apparuit,
1021 2710 1127 2772 instar

353 2827 389 2882 aa
405 2818 475 2879 Arta
496 2815 623 2882 laborati
644 2816 738 2880 nitide
760 2819 816 2882 suh
839 2819 905 2882 sele
925 2819 1045 2882 balassi.
1111 2861 1125 2874 .-
1210 2853 1213 2860 ·

403 2927 577 2990 Laetantem
598 2927 704 2991 demus
726 2928 784 2992 alta
803 2929 859 2992 Ilei
879 2928 1090 3008 splendoribus
1111 2938 1220 3004 auant

403 3037 470 3100 Non
492 3055 581 3100 secus
602 3056 638 3100 ae
658 3037 722 3100 risu
742 3038 849 3114 tellns;
871 3039 926 3102 sed
946 3039 1060 3118 nigrim
1078 3040 1184 3104 umbra

403 3147 544 3210 Tartarea
565 3156 614 3210 ast
632 3155 724 3222 tunm,
747 3156 859 3228 quanta
874 3157 927 3213 ‘est
940 3167 1034 3212 mens
1052 3149 1166 3212 tristior
1186 3150 1254 3230 ipsi.

403 3257 514 3320 Cuncta
534 3257 614 3322 Deus
634 3258 723 3332 vitet,
745 3259 838 3338 inque
858 3258 942 3321 illum
961 3268 1136 3339 penetrasse
1157 3260 1288 3339 putanda
1301 3271 1353 3333 es,
1373 3303 1375 3318 .

353 3367 429 3428 ⁷⁰0
450 3367 521 3432 lel'n
543 3368 648 3442 anima,
669 3368 740 3431 huie
762 3367 832 3442 dixi,
854 3377 887 3430 ut
904 3369 968 3450 jam
988 3369 1069 3432 nulla
1090 3369 1198 3448 cupide
1295 3389 1297 3394 ·

402 3476 565 3558 Suspirans
587 3477 687 3557 ipsum
707 3485 757 3540 tua
777 3477 890 3540 lamina
910 3477 1014 3542 saliere
1033 3480 1160 3558 pessit'

403 3587 480 3664 Ergo
501 3605 575 3650 veae
598 3597 657 3660 tua,
677 3605 756 3668 quae
777 3606 917 3666 magnum
939 3588 1068 3652 oblectat
1088 3589 1245 3672 Olympum

298 3680 300 3685 ’
403 3696 546 3762 Gentilem
567 3697 695 3760 assiduis
716 3697 857 3760 ardorum
877 3697 964 3762 mista
984 3698 1112 3778 piorum,

403 3807 538 3880 Quemm
559 3807 622 3870 alae
643 3807 734 3888 capiti
755 3825 846 3870 senae
866 3807 1040 3889 implicuere
1062 3807 1216 3882 enenllnm,

351 3931 385 3986 75
403 3915 462 3980 Cur
483 3935 530 3979 me
552 3935 612 3979 nnn
634 3917 736 3997 exples
757 3915 896 3980 aridum?
916 3919 979 3982 Nee
998 3917 1087 3980 variae
1109 3935 1263 3980 manerem

401 4027 471 4106 lpse
493 4033 552 4099 tua,
573 4027 605 4090 in
626 4035 656 4090 te
678 4028 703 4090 ai
726 4027 915 4108 inspicerem,
936 4029 970 4090 ia
991 4045 1058 4090 mea
1077 4035 1200 4108 peenra
1221 4036 1254 4090 ut
1274 4027 1341 4108 ipse

402 4136 448 4197 'ln
469 4144 618 4215 penetras.
639 4171 682 4182 -
702 4137 911 4218 linorellis,
934 4133 1006 4200 ulae
1025 4137 1132 4218 incipit
1151 4137 1212 4211 ille,

401 4245 531 4327 Excepto
553 4247 668 4327 pelago,
692 4249 771 4328 qued
792 4248 936 4310 mmdnm
957 4247 1093 4310 eirnrmit
1113 4265 1242 4322 ornnem,

401 4352 437 4417 ln
460 4373 549 4434 qnam
570 4377 604 4420 se
625 4357 778 4420 elllmlant
798 4358 906 4432 undae,
929 4357 1044 4420 alivarua
1063 4365 1201 4437 pererrat
1498 4423 1501 4476 Ι

350 4471 384 4526 8⁰
401 4465 522 4540 Littera,
545 4468 603 4530 seli
625 4467 852 4540 adamatae,
875 4475 912 4530 ut
927 4468 1019 4532 maelii
1039 4469 1105 4550 ipsa
1124 4467 1186 4530 diei
