3282 5404
347 507 410 568 364
792 507 925 556 orsaorsa
944 507 1019 558 xxiv.

348 737 397 790 llu
413 725 466 786 ste
486 733 527 798 ut,
552 743 626 805 quae
649 743 808 797 emersere,
832 725 973 804 prohem3
996 726 1048 788 sed
1072 745 1210 807 promere
1233 737 1357 809 oportet

414 833 497 907 Quae
519 833 666 896 eredendo
686 841 782 914 putas,
805 842 893 914 atque
914 836 993 897 unde
1016 835 1069 898 libi
1092 837 1178 899 obvia
1200 837 1281 901 venit

411 943 470 1005 lsta
493 943 577 1004 tides.
599 975 640 988 -
661 943 749 1006 Pater
770 943 856 1018 almo,
879 963 896 1006 o
918 962 1013 1018 mens,
1036 945 1084 1007 eui
1106 965 1228 1009 eernere
1249 949 1294 1010 las
1317 958 1371 1024 est,

412 1052 494 1126 Quae
512 1052 574 1133 jaro
597 1053 768 1116 credideras
789 1051 843 1125 sie,
865 1062 899 1114 ut
919 1053 1028 1116 rieisse
1050 1054 1164 1128 feraris,

414 1161 471 1236 uni
493 1161 620 1242 pedibus
641 1161 749 1224 melior
769 1161 941 1242 properarit
962 1163 1045 1227 adire
1069 1165 1278 1246 sepulchrum

347 1287 395 1340 115
412 1270 451 1332 lli
473 1269 585 1334 elarara
604 1271 694 1352 jubes
715 1270 795 1344 fidei,
818 1289 894 1351 quae
916 1273 1027 1335 eredita
1050 1283 1188 1354 prompte
1210 1285 1264 1347 est,

411 1381 466 1442 Hie
488 1382 613 1444 tonnam
636 1381 804 1460 apparitor
824 1399 970 1454 caussam,
994 1401 1051 1463 qua
1074 1385 1218 1447 insederit
1237 1388 1295 1449 ista

411 1491 446 1552 ln
468 1509 515 1552 nae
538 1489 714 1564 eredulitas3
737 1499 768 1551 et
788 1491 970 1569 respondere
992 1503 1127 1572 paratum

411 1599 557 1671 Invenies,
581 1599 651 1662 dixi.
695 1598 766 1661 Mihi
788 1600 920 1662 ereditur
940 1601 1056 1675 unicus,
1080 1622 1156 1666 unus

411 1711 615 1788 Aeterousque
637 1709 726 1781 deus,
750 1707 800 1788 qui
823 1717 915 1770 totum
937 1711 1017 1772 haud
1039 1722 1138 1775 motus
1161 1714 1307 1796 olympum

347 1835 395 1889 lau
411 1822 480 1900 Ipse
501 1825 599 1880 movet
621 1817 771 1880 desiderio
793 1819 960 1881 flammante
983 1829 1013 1882 et
1036 1840 1146 1884 amore.

410 1931 473 1992 Neo
494 1928 590 1990 solum
613 1929 711 1990 ieoere
734 1928 831 2000 fldem,
854 1928 987 2010 subjecta
1010 1929 1091 1994 tideli

412 2040 495 2114 Quae
516 2037 588 2100 milri
612 2045 681 2100 sunt
702 2037 799 2110 ooulo,
822 2037 868 2100 vel
890 2057 966 2118 quae
988 2048 1115 2104 scrutata
1136 2042 1317 2122 protundum

410 2150 494 2212 lions
516 2147 644 2210 humana
665 2147 766 2221 relert,
789 2148 841 2209 sed
864 2149 925 2210 ven'
947 2148 1064 2212 lueidus
1086 2151 1205 2225 imber,

412 2259 470 2334 Qui
492 2257 568 2338 pluit
588 2257 659 2319 hino
679 2257 768 2336 large,
790 2257 873 2320 llose
895 2259 1047 2334 tundente,
1069 2260 1288 2342 Prophetiaque

346 2381 394 2436 tao
410 2369 448 2432 Et
468 2367 603 2441 Psalmis,
626 2365 786 2446 Evangelio
808 2367 951 2446 malosque
972 2368 1118 2448 probante

411 2479 584 2542 vestrorum
607 2480 687 2554 (nam
707 2496 761 2538 vos
782 2476 865 2538 iilum
889 2476 1054 2558 scripsistis
1078 2479 1116 2541 ob
1137 2480 1245 2559 ignem,

412 2587 470 2662 Qui
493 2606 544 2649 vos
566 2586 693 2651 inseruit
714 2586 815 2664 Divis),
840 2593 997 2667 certusque
1020 2589 1106 2651 lateri

411 2699 482 2760 Sum
505 2705 566 2758 tres
587 2714 731 2777 personas
753 2703 898 2772 aeternas,
921 2715 1048 2778 esseque
1070 2717 1173 2762 eorum

411 2807 462 2868 Sio
483 2823 573 2869 uuum
595 2805 772 2884 trinumque,
794 2812 828 2866 ut
849 2814 878 2868 et
899 2807 1088 2887 aa-patiatur,
1111 2816 1140 2870 et
1161 2814 1232 2874 eatis

344 2924 394 2976 tau
411 2916 609 2998 Conjunetim.
652 2916 759 2977 Verum
781 2914 839 2976 alta
860 2916 924 2990 liei,
947 2935 1034 2997 quam
1056 2919 1102 2980 sio
1123 2919 1213 2980 modo
1235 2927 1334 2998 tango,

411 3025 548 3089 Conditio
570 3025 644 3088 mihi
666 3025 765 3087 inusta
785 3033 893 3099 manet,
915 3035 1075 3090 renovante
1097 3026 1225 3106 sigillum
1324 3001 1332 3016 Ι

409 3138 507 3216 Saepe
528 3134 697 3214 Evangelio.
740 3136 796 3197 Hie
818 3137 885 3197 lons
907 3143 961 3210 est,
985 3146 1033 3197 est
1053 3135 1230 3210 illotarius,

410 3245 492 3319 Quae
512 3246 609 3307 vivum
630 3247 765 3308 flammae
787 3264 820 3307 se
841 3245 949 3307 deinde
972 3245 1098 3308 effundit
1118 3247 1148 3308 iu
1170 3245 1303 3321 imbrem,

408 3356 455 3428 Et,
479 3354 565 3436 quale
587 3355 618 3416 in
640 3355 725 3417 uoelo
747 3354 839 3430 sidus,
862 3355 936 3417 mihi
957 3355 1069 3418 lumino
1091 3356 1236 3436 splendet.

344 3474 392 3528 1³5
452 3466 536 3528 Siout
556 3465 655 3538 herus,
674 3464 804 3545 jucunda
827 3465 884 3526 sibi
908 3465 932 3527 si
956 3483 1032 3545 quae
1054 3465 1163 3546 aooipit
1184 3486 1265 3538 aure,

408 3577 481 3639 Dein
505 3575 581 3638 servi
603 3574 678 3654 petit
699 3576 852 3654 amplexus
874 3582 1004 3653 gratatus
1026 3575 1064 3636 ob
1086 3575 1147 3649 illa,

410 3685 492 3760 Quae
514 3684 572 3747 sibi
593 3685 670 3746 laeta
692 3684 767 3758 tulit,
790 3685 877 3746 simul
899 3685 979 3746 huno
999 3685 1079 3747 uidet
1101 3705 1153 3748 ore
1174 3689 1340 3748 tacentem:

408 3796 558 3858 Siobona
578 3794 667 3857 verba
689 3793 762 3856 mihi
785 3794 858 3856 dixit
878 3795 934 3857 sub
955 3795 1076 3856 nomine
1097 3795 1175 3856 trino

410 3906 562 3968 Cantando
584 3924 618 3967 ae
638 3912 685 3966 ter
705 3923 753 3965 me
776 3905 876 3978 uinxit,
899 3905 1076 3985 simulatque
1099 3905 1206 3984 quievi,

344 4016 522 4077 uolumen
542 4013 756 4095 Apostoliouur,
780 4015 858 4094 quod
881 4015 1063 4094 respondere
1080 4014 1239 4095 jubebat3·

408 4126 459 4188 Sio
480 4125 617 4205 placuere
638 4125 691 4198 illi,
714 4143 790 4206 quae
812 4143 878 4188 sum
898 4124 988 4188 verba
1009 4143 1061 4187 ore
1082 4124 1208 4187 loeutus.
