3236 5394
599 562 791 614 [brandonem
809 563 874 613 llVll.

238 779 387 841 Adversus
409 780 558 854 flammas,
581 781 776 860 telluremque
798 780 865 862 igue
886 793 1052 859 perustam3

186 894 220 947 45
238 889 304 950 Nou
326 908 413 950 secus
435 901 524 969 atque
546 886 657 952 'aestate
679 909 767 950 canes
790 889 969 950 contendere
990 897 1092 950 contm

238 998 275 1060 llt
295 998 372 1060 rictu
393 1007 422 1060 et
442 999 570 1078 pedibus
592 999 738 1072 nituntur,
761 998 811 1060 ubi
833 1017 938 1078 aspera
960 1017 1062 1060 morsu
1122 1051 1125 1057 ,

237 1108 294 1168 Aut
316 1107 422 1180 tasaui,
444 1116 495 1169 aut
515 1108 644 1188 pulices,
668 1118 718 1170 aut
738 1125 858 1168 muscae
880 1107 1000 1168 vurlnera
1021 1109 1123 1186 figunt.
1172 1160 1175 1166 Δ

237 1217 330 1295 litque
353 1216 404 1276 ubi
427 1218 611 1296 quorundam
634 1217 765 1297 quaesivi
787 1217 897 1278 lumine
918 1217 1037 1289 vultum,

239 1324 320 1397 Quos
344 1344 434 1406 supra
456 1326 536 1388 cadit
557 1327 634 1405 iguis
657 1333 753 1400 atrox,
778 1344 832 1404 ego
855 1344 979 1388 noscere
1002 1345 1178 1405 quemquam

188 1443 221 1496 5⁰
237 1434 321 1495 Haud
341 1436 442 1514 potui3
466 1443 507 1497 at·
515 1455 617 1516 peram
641 1455 657 1496 e
679 1435 756 1497 eollo
779 1435 922 1515 cujusque
944 1434 1079 1496 videbam

236 1543 433 1619 Pendentem,
456 1549 545 1624 atque
567 1545 684 1607 inerant
706 1562 795 1624 perae
817 1551 880 1604 reta
902 1544 985 1622 sigua
1007 1544 1148 1624 colorque

237 1652 356 1726 Certus,
381 1665 412 1716 et
432 1654 502 1716 binc
524 1655 627 1716 oeulos
649 1663 718 1716 sunt
738 1653 794 1716 visi
816 1672 938 1732 pascere
960 1654 1086 1716 hiantes.

237 1761 332 1841 thue
354 1781 409 1842 ego
432 1764 620 1844 perspiciens
642 1763 771 1836 accessi,
794 1763 906 1840 fulgere
927 1764 1003 1824 llavo

237 1871 271 1931 lu
292 1872 390 1932 loculo
413 1873 472 1934 vidi
495 1873 636 1952 glastum,
659 1892 694 1933 os
715 1872 906 1951 habitumque
927 1873 1023 1934 leonis

189 1993 221 2047 55
237 1980 406 2059 Effiugens3
429 1982 582 2062 oculisque
604 1982 679 2044 meis
702 2001 767 2044 cum
790 1981 907 2058 longius
929 1980 1012 2054 irem,

237 2089 336 2152 Altera
357 2091 420 2152 visa
442 2092 498 2153 luit
518 2091 592 2152 mihi
612 2110 684 2171 pera
705 2090 859 2153 rubentior
878 2091 946 2170 ipso

237 2199 400 2278 Sanguine,
424 2219 511 2280 quam
534 2199 631 2278 signat
652 2219 756 2280 presso
779 2201 856 2261 lacte
878 2199 973 2261 albior
994 2217 1090 2260 anser.

277 2310 331 2370 rlst
352 2328 441 2383 unus,
465 2309 585 2388 glaucae
607 2318 637 2370 et
656 2328 780 2388 magnae
802 2308 865 2370 suis
887 2308 985 2371 indice
1007 2309 1093 2386 signo

236 2417 390 2480 Albentem
412 2419 541 2480 loculum
563 2418 622 2479 sibi
645 2419 694 2498 qui
717 2419 905 2490 distinxerat,
928 2418 1042 2497 inquit:

188 2539 221 2591 tt
237 2527 298 2588 Hae
319 2534 351 2588 tu
375 2528 445 2606 quid
467 2527 541 2588 lacis
564 2527 594 2587 iu
618 2525 721 2590 fossa?
743 2529 807 2588 Jam
829 2528 899 2588 binc
920 2527 1041 2607 proripe
1064 2545 1206 2606 gressum,

236 2637 273 2699 Et
295 2637 434 2717 quoniam
457 2647 488 2698 tu
510 2637 583 2697 vivis
606 2637 717 2712 adbuc,
740 2637 868 2750 te·scire
886 2637 1007 2717 jubebo,

236 2747 273 2808 Ut
294 2747 458 2808 Virmarms
480 2746 554 2807 mihi
575 2745 728 2825 proximus
750 2766 844 2826 usque
865 2745 982 2807 sedebit
1068 2805 1070 2810 ,
1132 2809 1136 2814 ,

235 2857 291 2918 llic
312 2856 406 2918 latere
427 2875 444 2916 a
465 2857 548 2916 laevo
569 2874 695 2916 mecum.
740 2857 813 2918 Cum
834 2855 947 2916 civibus
968 2855 1039 2916 erni
1082 2893 1084 2902 ‚

235 2966 304 3045 lpse
325 2966 534 3054 Aureuorimus
555 2984 678 3037 maneo,
701 2964 773 3026 mibi
796 2983 886 3044 saepe
908 2983 1016 3026 sonora

187 3082 220 3136 85
237 3074 295 3148 Qui
316 3093 389 3137 voce
413 3084 442 3135 et
463 3075 578 3152 magnis
600 3075 727 3136 tundunt
748 3074 926 3138 clamoribus
949 3092 1044 3146 aures,

235 3187 374 3248 Summus
397 3203 488 3264 eques
510 3184 623 3256 veniat,
647 3185 715 3246 dum
738 3184 854 3256 dieunt,
876 3183 927 3263 qui
951 3182 1005 3244 tria
1026 3189 1122 3243 rostra

234 3294 345 3355 Alleret
366 3293 396 3354 iu
418 3293 526 3356 loculo.
569 3294 664 3374 Atque
685 3293 734 3378 bic
756 3311 790 3352 os
812 3292 960 3366 distorsit,
984 3299 1013 3352 et
1033 3299 1113 3352 extra

234 3403 382 3492 Produxit'
397 3403 599 3482 linguam,.ut
619 3380 675 3464 bos
697 3401 795 3463 nitens
816 3401 948 3463 lambere
969 3419 1083 3461 nasum.

276 3512 360 3574 Tunc
382 3530 436 3591 ego
457 3520 684 3592 praemetuens,
706 3529 788 3572 mora
810 3529 848 3572 ne
869 3509 1037 3572 diuturnior
1057 3509 1139 3573 illum

185 3637 217 3688 to
234 3622 401 3696 Taederet,
417 3621 556 3684 brevibus
579 3622 630 3702 qui
651 3640 699 3682 me
720 3620 907 3682 sermonibus
930 3619 973 3680 uti

232 3734 381 3804 iusserat,
404 3731 531 3793 elassis
553 3739 632 3792 retro
655 3730 777 3809 vestigia
799 3729 867 3792 flexi

232 3840 366 3914 Umbris,
390 3840 547 3920 invenique
569 3842 689 3916 ducem,
713 3840 765 3919 qui
787 3839 960 3901 ascenderat
981 3847 1061 3900 atrae

234 3951 332 4028 Terga
354 3951 449 4022 lerae,
473 3949 621 4030 dixitque:
646 3949 728 4028 Opus
750 3949 876 4030 estjam
897 3955 1018 4027 pectore
1039 3947 1134 4018 firmo,

232 4060 287 4121 llis
310 4058 420 4121 etenim
442 4059 533 4148 scalis
555 4078 610 4120 nos
633 4076 711 4120 nuuc
734 4057 916 4120 descendere
938 4066 1065 4136 oportet.

184 4181 216 4235 75
231 4145 390 4254 Ascendas
405 4188 477 4248 prae
500 4188 564 4244 me3
585 4168 701 4230 medius
724 4167 880 4228 considere
903 4167 990 4240 crevi,

230 4278 358 4340 Verbere
380 4297 418 4338 ne
434 4277 538 4358 ‘possit
557 4286 586 4340 te
608 4277 734 4339 monstri
755 4277 871 4338 laedere
894 4277 996 4338 cauda.

229 4388 264 4449 Ul
288 4394 362 4460 stat,
387 4395 547 4467 quartanae
570 4388 617 4448 cui
639 4387 764 4465 frigidus
786 4387 920 4448 imminet
939 4386 1072 4468 horror,

229 4496 379 4560 Pallentes
402 4505 521 4576 gestans
544 4516 672 4576 ungues,
695 4497 890 4576 quatiensque
912 4503 1039 4576 tremore
