3234 5396
586 522 766 574 lunellum!
784 523 884 574 xxtttt.
1239 523 1301 585 245

231 739 267 802 ln
289 752 403 820 partem
425 757 539 814 versae,
562 759 650 820 quam
671 749 774 803 eontra
795 741 917 822 projicit
937 743 1072 818 umbram

232 852 318 912 llons
341 857 462 912 sanetus
483 851 626 929 primam3
649 851 729 912 haud
750 859 848 912 tamen
869 851 925 914 bae
946 855 1089 933 vertigine
1111 871 1232 935 sparsae

232 961 293 1034 Sie,
316 969 350 1022 ut
370 959 542 1021 desinerent
562 959 682 1036 fastigia
705 979 820 1023 summa
840 969 977 1026 tenentes

184 1078 215 1132 15
231 1070 302 1132 Arte
324 1089 377 1132 sua
398 1069 534 1132 volueres
555 1069 608 1142 uti,
632 1069 796 1150 solitosque
819 1071 898 1133 eiere

233 1181 360 1255 Cuntus3
383 1197 459 1258 quae
480 1179 570 1258 pleno
594 1177 753 1242 tundentes
775 1180 880 1257 gaudia
903 1181 1002 1253 eorde,

231 1289 378 1369 Excipere
397 1289 564 1367 omnigenis
586 1288 737 1352 eertabant
759 1289 893 1352 euntibus
914 1291 1005 1352 horas

230 1399 346 1462 Primus
369 1398 424 1460 sub
447 1398 538 1472 loliis,
562 1416 637 1477 quae
660 1399 787 1461 edebant
809 1419 942 1462 consona
963 1419 1103 1474 murmur,

232 1509 326 1583 Quale
347 1509 450 1572 audire
470 1509 566 1571 melos
588 1507 676 1570 laeile
698 1517 745 1570 est
765 1527 861 1588 prope
883 1509 979 1573 littora
1002 1511 1114 1574 Classis

180 1623 214 1676 2⁰
230 1619 397 1681 conflatum
419 1619 490 1680 hino
510 1618 580 1680 iude
601 1618 633 1679 in
654 1617 747 1679 ramis
767 1617 868 1698 pineta
889 1621 1030 1699 peralta,

229 1729 339 1792 Auster
359 1727 411 1788 ubi
432 1728 536 1792 Aeolio
558 1726 635 1788 lenis
658 1747 691 1788 se
714 1745 834 1792 eareere
856 1729 952 1792 solvit

270 1840 395 1918 lamque
416 1857 472 1916 per
493 1837 632 1917 antiquae
653 1837 809 1900 intuleram
831 1857 879 1900 me
902 1839 986 1901 deria
1007 1840 1107 1914 silvae,

229 1948 326 2011 Tarde
347 1947 544 2029 progrediens
566 1948 651 2020 adeo,
674 1955 708 2010 ut
725 1946 789 2028 jam
810 1947 888 2010 seire
910 1950 1073 2029 nequirem,

229 2059 295 2133 Qua
315 2059 392 2131 veni,
415 2077 482 2120 eum
503 2075 551 2119 me
574 2057 666 2118 vetuit
685 2058 850 2136 presedere
870 2058 961 2132 rium,

178 2179 210 2233 td
227 2169 272 2232 nd
295 2169 407 2230 laevam
427 2167 554 2230 modieis
576 2166 731 2228 indeetens
753 2167 886 2243 gramine
907 2168 1035 2248 lymphis

226 2277 263 2340 ln
284 2278 366 2358 ripas
388 2294 509 2356 egressa
530 2293 612 2338 suas.
656 2275 809 2338 Pellueida
831 2278 953 2356 quaeris

227 2387 373 2450 Fontibus
394 2405 432 2449 ex
452 2386 565 2448 uostris
586 2385 697 2466 aliquid
720 2386 898 2449 eoneludere
919 2387 1001 2450 misti

229 2497 311 2561 Unda
333 2496 483 2558 videretur
504 2513 575 2575 prae
597 2496 657 2569 illa,
679 2513 755 2575 qaae
776 2495 878 2558 illimis
899 2496 1012 2560 inimo

226 2607 275 2670 Nil
297 2608 374 2670 eolat
395 2607 504 2680 lund03
527 2606 661 2685 quamvis
683 2606 824 2667 sublusea
845 2606 902 2668 sub
925 2607 1028 2670 umbra

177 2731 211 2783 3⁰
228 2719 378 2798 Perpetua
399 2724 543 2789 excurrat,
565 2733 641 2795 quae
663 2715 745 2778 Solis
765 2715 876 2780 lumina
898 2735 1050 2797 nunquam

225 2827 289 2890 Nee
309 2828 412 2890 Lunae
434 2826 543 2905 petitur
563 2826 695 2888 nemoris
716 2845 772 2906 per
792 2843 886 2907 oeapa
907 2827 1017 2906 rugari.

268 2936 412 3000 ddduetis
434 2935 622 3016 pedibusque
644 2936 798 3015 oculisque
820 2951 876 3014 ego
897 2937 1027 2998 lluminis
1050 2937 1164 2998 alveum

226 3046 393 3110 Transsiliti
414 3063 545 3126 parvum,
568 3045 687 3108 risums
709 3045 784 3108 laeta
805 3047 897 3107 vireta

225 3157 354 3229 Florida,
377 3163 436 3218 tam
457 3156 538 3217 vario
561 3155 733 3218 discrimine
755 3155 832 3234 pieta
853 3156 1004 3216 colorum:

176 3275 208 3328 35
225 3267 321 3347 dtque
343 3266 402 3328 hue
422 3264 464 3326 mi
487 3265 626 3338 oeeurrit,
649 3264 713 3326 fieri
735 3273 769 3325 ut
790 3263 968 3343 quandoque
989 3263 1123 3324 videmus

226 3377 374 3450 Quiddam
395 3375 566 3454 improvise,
590 3375 670 3454 quod
694 3381 815 3435 cunetas
837 3381 959 3453 pectere
980 3391 1067 3436 ouras

224 3485 356 3548 Attonito
378 3484 492 3546 avertit
535 3483 630 3546 Nullis
652 3483 862 3546 comitantibus
883 3483 946 3544 ibat

226 3595 287 3657 Ore
309 3612 420 3656 canens
442 3594 549 3656 mulier
568 3595 720 3672 doresque
741 3612 758 3654 a
780 3593 904 3656 lloribus
926 3593 992 3672 ipsa

225 3705 403 3779 Seeernens,
425 3706 502 3784 pede
523 3711 602 3766 tseta
623 3704 712 3784 hujus
734 3704 819 3783 queis
842 3711 902 3764 tota
924 3702 1037 3764 nitebat

174 3829 208 3882 to
225 3815 347 3878 Semita.
391 3814 446 3878 Cui
467 3814 543 3875 dixi:
567 3814 591 3876 0
614 3814 721 3876 mulier
740 3813 955 3893 pulcherrime,
977 3811 1088 3874 amoris

225 3924 308 3997 Quae
330 3924 446 3986 laeibas
468 3924 579 3997 unleds,
601 3923 692 3986 lronti
715 3923 741 3985 si
763 3924 884 3985 eredere
907 3922 1028 4000 dignum
1051 3930 1097 3983 est

225 4033 330 4096 (lerdis
353 4034 473 4096 testanti
494 4051 612 4107 sensus,
634 4051 672 4094 ne
693 4033 753 4096 buo
773 4031 881 4105 abnue,
903 4051 1024 4112 quaeso,

222 4143 315 4205 Ferre
336 4143 449 4206 aditum
470 4143 595 4223 propius
616 4143 720 4223 ripam,
743 4151 783 4214 ut,
808 4162 883 4223 quae
905 4141 1034 4205 carmine
1058 4149 1168 4216 cantas,

222 4253 330 4332 Figere
352 4260 453 4316 mente
474 4271 590 4333 queam.
633 4253 694 4314 Per
714 4261 743 4316 te
765 4252 845 4315 subit
866 4253 972 4324 insule,
996 4259 1109 4331 perte,

171 4373 205 4427 la
223 4362 327 4437 Qualis
348 4371 414 4426 erat
434 4363 605 4442 spectanda,
627 4361 708 4424 subit
727 4362 910 4442 Proserpina
931 4362 961 4422 in
982 4361 1051 4441 ipso

222 4471 381 4552 Tempore,
403 4491 472 4536 eum
493 4473 618 4552 geniuix
640 4472 729 4546 illam,
751 4491 803 4536 rer
823 4471 874 4537 illa
896 4489 1035 4534 serenum
