3234 5396
748 401 1020 412 ———-———-—-

603 454 786 508 l’llllGAl'Ollll
805 457 881 506 xxiv.

242 673 310 734 Jam
332 691 423 753 super
444 691 521 736 uuus
544 690 635 734 cram.
678 676 733 734 Ast
751 671 804 734 ubi
825 679 927 736 nostra
949 685 1084 739 evaserat
1105 685 1173 739 ante

244 781 305 844 Ora
327 783 376 856 ita,
399 791 433 844 ut
453 782 533 844 hune
555 781 634 843 oculi
655 790 780 860 possent
801 793 920 862 captare
944 803 1097 864 sequaces,

190 902 223 956 95
241 893 281 954 Ut
301 911 387 954 mens
407 891 497 954 verba
520 892 614 971 prins,
637 891 774 969 gravidos
796 911 864 952 cum
886 911 1008 955 cernere
1029 897 1111 958 visus

155 1011 157 1016 '
239 1001 370 1062 Alterius
392 1000 474 1082 pomi
496 1015 605 1074 rames,
627 1000 793 1082 plenosque
814 1002 925 1080 vigoris

242 1113 325 1184 Quae
347 1129 408 1172 nen
430 1110 519 1190 longe
541 1110 650 1185 aberat,
673 1129 742 1172 nana
762 1119 834 1173 tunc
855 1113 944 1174 modo
967 1114 1110 1192 temporis
1133 1115 1202 1180 illue

239 1221 366 1283 Lumina
386 1220 603 1284 transtuleram.
646 1219 792 1300 Prospexi
814 1228 953 1301 utrasque
975 1222 1031 1283 sub
1053 1223 1119 1302 ipsa

240 1331 408 1392 'fallentem
429 1331 542 1409 palmas
562 1329 716 1408 populum,
738 1330 847 1408 cupido
870 1349 922 1394 ore
945 1333 1119 1394 frementem

174 1448 222 1500 ltu
239 1440 349 1503 Nescio
372 1440 442 1520 quid
465 1440 587 1500 lrondes
609 1439 760 1513 adversus,
784 1458 867 1500 more
888 1441 1037 1525 modoque

238 1551 388 1612 intantum
410 1549 560 1624 desiderio
582 1548 757 1610 luctantium
778 1550 868 1624 inani,

240 1660 299 1734 Qui
321 1659 457 1738 rogitant,
480 1669 511 1722 et
533 1658 618 1737 queis
640 1677 700 1720 non
723 1660 773 1719 dat
793 1677 938 1738 responsa
960 1667 1090 1736 rogatus,

239 1769 365 1849 Quoque
386 1768 482 1846 magis
504 1767 633 1830 stimulis
655 1767 803 1830 inhiantes
825 1776 936 1848 pungat
957 1771 1061 1843 acutis,

237 1879 303 1940 Alte
326 1897 506 1957 suspensum
529 1885 622 1938 certat
642 1877 781 1952 retinere,
805 1878 885 1956 quod
906 1887 1019 1958 optant,

173 2004 220 2058 105
236 1989 298 2050 Nec
320 1997 418 2050 umen
439 1987 605 2049 abscondit.
649 1987 724 2050 Dein
746 1995 807 2048 tota
828 1995 944 2049 caterva
966 1989 1100 2062 recessit,

236 2099 274 2160 Ut
295 2117 371 2178 quae
393 2098 467 2159 lalsa
488 2095 580 2158 animi
601 2103 664 2171 est;
687 2107 717 2158 et
737 2115 794 2158 nos
817 2097 988 2159 devenimus
1009 2096 1091 2159 illam

236 2207 298 2270 Sub
321 2207 459 2287 plantam,
483 2226 559 2286 qnae
580 2215 625 2269 tot
644 2206 841 2285 lacrimasque
862 2223 1028 2286 precesque
1049 2209 1168 2271 refutat.

234 2319 322 2380 Ferte
344 2317 466 2394 gradum
487 2316 622 2390 ulterius,
645 2333 718 2376 nere
740 2314 791 2376 isti
812 2314 945 2376 accedite
966 2317 1100 2395 plantae;

234 2428 362 2506 Lignum
384 2433 431 2488 est
450 2426 522 2488 hinc
544 2443 644 2504 supra,
667 2425 746 2505 quod
769 2424 907 2486 dentibus
929 2425 989 2487 Eva
1010 2427 1178 2502 momordit,

171 2551 219 2606 llo
233 2538 315 2600 llaec
336 2536 386 2599 illa
405 2543 470 2598 sata
490 2534 590 2614 planta
613 2535 677 2596 luit.
721 2535 772 2596 Sic
793 2535 907 2609 neseio,
929 2536 1071 2615 quiddam

233 2647 371 2710 Insonuit
391 2646 514 2707 frondes
537 2645 625 2708 inter.
670 2645 767 2717 Quare
789 2645 906 2723 agmine
924 2646 1029 2726 juncto

233 2758 387 2818 Vmerurns
409 2756 596 2838 Srarrusque
620 2763 648 2817 et
670 2773 725 2834 ego
747 2755 941 2816 discessimus
963 2756 1043 2828 inde,

231 2867 381 2929 liadentes
403 2865 479 2927 latus
501 2865 536 2926 ad
559 2864 677 2925 eoelum
696 2883 728 2925 se
750 2865 859 2926 vertice
881 2864 999 2944 tollens.

274 2976 389 3038 Volvite
411 2975 537 3054 quisque
559 2973 662 3050 animo
680 2973 802 3036 devotae
824 2973 934 3036 robora
953 2975 1043 3054 pubis

186 3097 216 3151 15
232 3087 396 3165 Prognatae
417 3083 536 3157 nebula,
561 3101 636 3163 quae
657 3083 728 3144 rino
751 3082 865 3162 expleta
887 3083 1042 3164 epulisque

232 3194 409 3258 Pectoribus
431 3193 567 3273 geminis
589 3192 716 3266 dicebat,
739 3193 862 3254 Tnessa
883 3193 957 3254 dnro

231 3305 315 3367 Bello
337 3311 560 3384 oppugnarunt3
583 3310 613 3364 et
632 3303 725 3364 Judae
748 3302 891 3380 sanguine
913 3312 1012 3374 cretos

232 3416 307 3477 Tam
328 3413 418 3476 molle
439 3412 602 3491 adpotum
624 3412 722 3474 lassos
744 3429 778 3472 se
799 3418 905 3490 peetus
927 3412 1047 3486 habere,

233 3525 333 3599 Quare
355 3523 425 3586 istis.
442 3522 564 3582 Gnoson
585 3539 647 3582 non
669 3529 716 3584 est
738 3520 946 3582 comitantibus
968 3540 1051 3596 usus,

168 3653 214 3707 120
232 3633 365 3698 Collibus
387 3651 423 3694 ex
443 3632 553 3694 blidian
575 3647 642 3692 eum
665 3649 698 3692 se
720 3630 847 3712 conjecit
868 3630 899 3692 in
921 3632 1034 3692 hostes.

231 3745 283 3807 Sic
304 3742 520 3823 praetergressi
542 3760 578 3803 ex
599 3740 727 3818 geminis
749 3759 805 3801 nos
827 3741 953 3818 legimus
973 3759 1065 3803 unam

232 3855 332 3927 Oram,
356 3861 385 3914 et
405 3853 496 3914 multa
519 3851 604 3930 gilae
625 3858 770 3912 venerunt
789 3850 913 3912 erimina
935 3851 973 3912 ad
996 3869 1093 3924 aures,

231 3964 324 4048 Queis
347 3962 490 4024 misemm
511 3940 641 4022 accessit
662 3961 787 4023 lucrum.
831 3960 906 4046 Dein
930 3961 1003 4023 calle
1024 3960 1112 4040 potiti

228 4073 266 4134 lit
286 4073 346 4134 lato
369 4079 398 4134 et
420 4071 486 4134 solo
507 4089 564 4133 nos
584 4071 653 4152 plus
674 4089 764 4150 quam
784 4069 866 4142 mille
886 4071 982 4150 vagati

163 4195 211 4249 125
228 4182 339 4245 Passus
361 4180 466 4244 deliris
488 4181 594 4244 animis
616 4180 824 4243 contendimus
845 4179 923 4262 ultra

226 4292 299 4354 ltluti
321 4309 436 4355 omnes.
459 4325 498 4339 -
523 4291 601 4365 Quid
623 4309 675 4354 ros
698 4309 843 4365 curarum,
867 4311 884 4352 o
906 4299 1028 4371 pectora
1049 4283 1136 4366 trina,

225 4403 276 4466 Sic
297 4401 418 4466 versati
441 4401 539 4464 subito
561 4401 726 4482 necopinus
747 4402 828 4463 venit
849 4400 885 4462 ad
908 4420 994 4464 aures

1358 1139 1364 1220 ἲ

1352 2330 1359 2510 l

1285 2725 1294 2734 -
