3282 5404
371 521 432 584 tlt
833 499 971 577 conscisi
984 527 1030 578 xx.

439 743 496 817 Qui
518 744 631 824 lapides
652 743 732 807 inter
751 745 906 821 delabens,
925 745 1040 808 lucidus
1062 756 1142 808 errat

436 853 573 916 Nativum
595 861 747 918 ostentans
769 854 929 918 iocundum
951 855 1082 934 gramine
1104 855 1232 919 culmen.

385 973 420 1024 stt
435 965 478 1027 dc
499 964 588 1026 veluti
609 983 626 1026 a
648 964 725 1026 collo
748 965 876 1028 citharae
897 965 1098 1028 modulamina
1120 965 1233 1028 ducunt

435 1075 584 1148 Formam,
607 1081 636 1136 ct
657 1073 694 1136 ab
716 1091 769 1136 ore
791 1091 861 1136 caro
884 1075 1077 1154 penetrabilis
1099 1095 1169 1137 aura
1192 1077 1315 1150 cicutae,

434 1183 502 1246 Non
525 1203 612 1246 secus
633 1181 705 1245 illnd
728 1182 789 1246 aris
810 1201 952 1256 murmur,
974 1201 1058 1246 mora
1080 1203 1137 1248 nco
1159 1185 1213 1248 luit
1233 1187 1322 1260 ulla,
1447 1235 1450 1243 ,

435 1293 495 1356 Per
516 1294 624 1356 collum
645 1292 808 1366 adscendit,
831 1301 970 1373 tanquam
992 1295 1018 1356 si
1040 1294 1099 1356 hoc
1120 1303 1202 1358 essct
1224 1295 1322 1358 inane.

435 1403 529 1466 lstlric
549 1403 580 1465 in
601 1421 704 1464 vocem
726 1421 760 1464 sc
780 1403 874 1473 vertit,
898 1411 928 1465 ct
949 1403 1021 1466 exiit
1041 1403 1151 1468 isthinc

385 1516 419 1570 2t
435 1514 494 1575 Per
514 1521 644 1576 rostrum
665 1513 769 1592 ipsius,
793 1513 917 1575 lormam
939 1514 1113 1593 accepitque
1134 1514 1280 1594 loquelae,

438 1623 562 1697 Qualem
584 1641 645 1697 cor,
667 1623 699 1684 io
722 1640 780 1704 quc
802 1621 851 1684 illo
874 1623 929 1684 init
949 1623 1021 1684 mihi
1044 1623 1164 1703 scripta,
1187 1625 1333 1688 manebat.

479 1733 562 1810 Quae
583 1751 649 1795 mea
670 1750 740 1812 pars
760 1731 827 1794 visu
848 1729 950 1812 pollet,
972 1734 1156 1813 propiusque
1177 1735 1252 1797 tueri

435 1842 491 1906 llat
511 1842 618 1905 vestris
640 1841 748 1921 aquilis
768 1840 912 1904 radiantis
933 1841 1043 1904 lumina
1066 1843 1147 1916 solis,

434 1954 552 2016 Attente
573 1951 758 2032 inspicienda
780 1951 834 2014 tibi
856 1958 910 2026 cst,
932 1951 978 2014 sic
999 1949 1105 2032 incipit
1125 1952 1192 2027 illa3

384 2075 418 2128 tt
433 2063 567 2143 Namque
589 2063 672 2141 ignes
694 2061 781 2134 inter,
804 2079 930 2141 quorum
951 2061 982 2123 in
1003 2079 1052 2124 me
1073 2061 1158 2122 lucct'
1174 2063 1281 2142 imago,

436 2173 493 2247 Qui
515 2173 546 2234 in
568 2173 663 2252 capite
686 2169 821 2234 alliciunt
841 2170 945 2232 oculos
967 2170 1082 2249 lulgorc
1103 2172 1257 2246 micantes,
1331 2189 1335 2196 ·

433 2282 480 2345 llli
501 2300 573 2363 prae
595 2279 718 2362 reliquis
740 2299 853 2342 summa
877 2281 913 2342 ad
935 2280 1051 2358 lastigie
1073 2282 1228 2346 scandunt.

433 2392 566 2474 Pupulac
587 2391 619 2454 in
641 2391 713 2453 orbe
734 2409 817 2453 meac
838 2391 955 2453 medius
977 2391 1027 2471 qui
1050 2391 1186 2470 itdgurat,
1209 2391 1259 2454 ille
1281 2401 1327 2454 est

434 2502 578 2564 Flaminis
599 2501 711 2564 aeterni
733 2507 844 2574 cantor,
868 2499 918 2580 qui
940 2501 1089 2563 transmlit
1109 2521 1207 2564 arcem

384 2621 418 2676 aa
434 2612 477 2674 ux
498 2630 575 2693 pago
598 2611 629 2673 io
650 2629 774 2692 pagum3
795 2627 875 2672 nunc
896 2610 986 2672 discit
1006 2611 1136 2673 carmina
1159 2613 1261 2691 quanti

435 2721 503 2786 Sint
522 2741 587 2794 sua,
609 2729 767 2802 propterea
789 2720 868 2800 quod
889 2738 960 2782 vero
981 2719 1055 2783 haec
1077 2729 1198 2801 pentum
1219 2723 1330 2803 panxit,

434 2831 506 2895 Cum
528 2831 625 2893 videat
646 2849 713 2891 sese
735 2829 831 2909 pretio
853 2829 966 2911 majore
987 2849 1158 2911 repensum.

432 2941 535 3022 licque
556 2939 748 3020 supercilium
769 2939 870 3019 quinis
893 2940 1087 3019 cingentibus,
1110 2941 1169 3015 ille,

434 3051 493 3125 Qui
514 3049 588 3113 mihi
610 3057 667 3112 stat
688 3050 813 3130 propius
835 3058 975 3122 rostrum,
998 3050 1111 3112 solutus
1133 3069 1248 3113 amaras

381 3173 417 3226 tn
432 3161 486 3224 Est
506 3161 611 3223 viduae
632 3159 770 3222 lacrimas
793 3167 893 3222 nanim
915 3159 1043 3236 lugentis
1067 3160 1253 3253 ademptum:

430 3271 517 3333 Nunc
539 3271 603 3343 scit,
626 3289 714 3350 mam
736 3287 844 3348 magno
866 3278 984 3332 constet
1003 3279 1194 3332 contemnere
1216 3271 1375 3345 Christum,

407 3379 515 3452 ,lianc
535 3367 651 3442 dulcem
673 3387 812 3460 expertus
832 3380 932 3454 vitam,
955 3387 985 3440 et
1004 3380 1153 3442 contraria
1174 3399 1293 3460 passus.
1417 3435 1419 3440 ,

432 3491 549 3570 Quique
572 3490 674 3552 orbem
696 3491 838 3570 sequitur,
862 3489 972 3552 dictum
993 3489 1067 3552 milri
1085 3489 1147 3570 jam
1169 3497 1246 3564 ante,
1269 3491 1325 3552 sub
1347 3509 1415 3554 arcu

432 3599 490 3673 Qui
512 3617 601 3679 supra
624 3607 679 3673 est,
701 3619 771 3662 vero
793 3601 953 3662 confossus
974 3599 1063 3662 corda
1086 3600 1189 3662 dolosa

380 3720 414 3775 ts
431 3709 568 3771 'laudavit
588 3720 723 3770 mortem.
766 3709 852 3770 Nunc
873 3708 931 3770 scit
952 3727 1011 3770 non
1033 3728 1124 3789 posse
1146 3710 1257 3772 moveri

429 3819 579 3881 iudicium
601 3827 762 3892 aeternum,
785 3817 919 3899 wamiis
941 3817 972 3881 in
994 3819 1121 3881 crastina
1143 3821 1217 3880 verti

430 3930 528 4010 Saepe
549 3929 611 3991 illic
631 3929 776 3991 hodierna
798 3937 917 4009 queant,
940 3927 1009 3990 dum
1030 3938 1098 3991 von
1122 3947 1287 4010 precesque

430 4039 495 4101 lluc
515 4038 636 4101 veniant
657 4038 774 4116 dignae.
817 4039 935 4120 Quique
956 4039 1054 4100 adstat
1073 4038 1226 4118 proximus
1248 4038 1331 4113 alter,

431 4149 540 4212 Codice
562 4167 629 4210 cum
651 4150 759 4226 legum,
782 4157 812 4211 ct
834 4149 914 4228 genti
938 4167 971 4210 so
993 4147 1163 4211 adscribere
1185 4169 1310 4223 mecum,

379 4272 413 4325 50
430 4259 562 4320 Consilio
585 4259 728 4321 suadente
749 4256 829 4320 bono
852 4259 931 4338 quod
953 4259 1046 4320 cessit
1066 4277 1174 4333 amare,

428 4367 566 4430 Decrevit
585 4368 700 4450 Graiae,
721 4367 838 4430 Pastori
861 4367 967 4431 cedere
989 4377 1099 4431 certus.

428 4477 513 4540 Nunc
534 4477 633 4554 discit,
656 4497 757 4559 quare,
781 4478 924 4560 quidquid
945 4479 1102 4542 deducitru
1122 4497 1218 4560 aequo
