3234 5396
338 483 401 550 242
760 495 940 548 vueeeroeu
958 497 1044 548 xxvvi.

406 720 536 784 Solendo
559 718 695 800 cupiens,
716 715 798 778 vario
821 731 961 776 sermone
982 713 1101 778 serebat

404 830 493 892 llulte
516 829 688 892 Buevmeeu
709 843 889 896 memorans,
912 823 957 884 sic
979 845 1031 886 ore
1051 825 1185 888 locutus:

353 953 387 1006 55
405 939 499 1020 llujue
517 940 579 1021 J'am
600 939 704 1001 videor
725 935 832 998 leciem
853 933 926 994 mibi
950 951 1085 998 cernere.
1107 967 1148 980 -
1170 936 1263 998 Nobis

405 1049 464 1110 l‘ro
486 1049 562 1111 duee
584 1067 640 1110 vox
661 1047 772 1118 aderet,
795 1063 870 1125 quae
891 1043 968 1106 ultra
990 1063 1046 1106 uos
1069 1045 1160 1108 missa
1183 1048 1316 1110 canebat

403 1159 466 1220 llos
488 1158 559 1222 huic
581 1157 688 1220 intenti
710 1163 825 1235 portem
848 1153 1021 1216 devenimus
1042 1153 1132 1226 illam,

403 1268 487 1330 Unde
509 1276 572 1330 eret
593 1267 768 1330 adscensus.
812 1263 915 1328 Patris
940 1281 956 1324 o
979 1263 1097 1336 dilecto,
1120 1271 1228 1337 uertite,

351 1389 358 1406 ·
403 1377 531 1441 Pectora
551 1377 615 1458 fido
634 1379 700 1446 mei,
722 1391 779 1435 vox
800 1391 836 1434 ex
858 1372 980 1434 ardente
1002 1373 1139 1435 micantis

353 1493 386 1544 ec
404 1487 538 1548 Luminis
561 1485 694 1548 insenvtit
716 1493 830 1554 centro,
854 1482 933 1561 quod
955 1480 1022 1544 luce
1042 1483 1180 1562 replebat

404 1597 496 1660 Tanta
518 1595 584 1658 illus
607 1613 685 1666 oras,
709 1594 789 1656 acies
811 1601 844 1654 ut
864 1603 966 1654 nostre
988 1591 1121 1671 requirat

403 1706 488 1768 lllum
511 1705 586 1766 victe
608 1704 680 1784 peti,
704 1719 761 1764 nec
782 1709 845 1764 erat
866 1709 1001 1780 spectare
1023 1710 1168 1781 potestas.

447 1815 499 1877 Sol
520 1813 590 1888 abit,
614 1813 720 1894 ajebat,
742 1811 923 1890 veniuntque
947 1811 1122 1890 crepuscula
1143 1815 1258 1888 noetis3

403 1925 446 1986 Ne
469 1931 553 1996 state,
576 1932 605 1986 ut
625 1941 734 2003 pessus
756 1939 845 1982 eursu
867 1919 994 1982 celerate
1016 1921 1116 1994 citato,

352 2047 385 2098 65
403 2034 505 2096 Donec
527 2051 634 2114 vesper
653 2031 751 2095 edlvuo
771 2029 871 2092 minue
893 2038 971 2092 utres
994 2028 1092 2092 induit
1112 2032 1242 2094 umbras.

402 2143 492 2206 Recte
514 2140 714 2206 adscendebat
734 2158 790 2220 per
811 2140 873 2202 saxi
895 2157 1022 2202 concava
1044 2140 1138 2214 callis,

331 2273 337 2287 ·
404 2253 534 2316 Tramite
557 2252 602 2315 sic
621 2267 758 2328 vergens,
779 2258 813 2312 ut
828 2248 892 2329 jam
912 2249 985 2312 mihi
1005 2250 1117 2314 lumina
1139 2251 1212 2315 solis

402 2363 478 2424 Prae
499 2381 548 2424 me
570 2361 789 2439 interciperem,
813 2377 890 2438 quae
911 2357 1050 2436 languida
1072 2362 1150 2424 lacta
1172 2362 1333 2441 cadebant;

402 2474 497 2552 Atque
519 2461 629 2549 gradui
649 2487 763 2550 paucos
784 2469 881 2530 luerat
901 2487 1044 2548 superare
1065 2454 1198 2544 facultas,

353 2590 386 2641 70
404 2582 478 2643 Cum
500 2581 573 2642 solis
595 2579 729 2642 cubitum
750 2599 788 2641 ex
807 2578 868 2651 illa,
891 2597 967 2658 quae
988 2581 1115 2654 evanuit,
1137 2582 1242 2645 umbra

403 2691 559 2752 Sensimus
581 2709 597 2752 e
619 2696 714 2768 tergo.
756 2688 852 2768 Atque
874 2688 958 2769 prius
979 2707 1077 2768 quem,
1100 2691 1149 2769 qni
1172 2701 1254 2771 petet
1275 2695 1381 2774 iugens

404 2799 494 2862 Orbis
516 2801 625 2870 finitor,
648 2817 703 2879 per
725 2809 849 2860 cunetas
869 2797 1001 2878 undique
1022 2807 1123 2878 pones

403 2910 497 2972 Unam
519 2907 643 2971 vestiret
664 2910 797 2980 lormam,
821 2916 852 2969 et
872 2927 926 2969 sua
948 2916 1052 2970 ennete
1074 2917 1188 2972 teneret

402 3019 467 3082 Nox
489 3019 556 3092 sibi,
579 3018 708 3098 quisque
731 3017 853 3096 madum
874 3036 930 3097 pro
951 3018 1029 3080 lecto
1053 3029 1206 3100 presserat
1226 3041 1328 3086 unum.

352 3137 384 3188 75
402 3131 454 3192 Sic
475 3130 581 3191 dantes
602 3128 678 3190 ultra
700 3126 789 3190 nobis
810 3127 991 3191 contendere
1011 3128 1101 3199 vires,

400 3240 473 3301 Plus
496 3257 584 3321 quem
607 3239 748 3309 solamen,
771 3236 883 3298 montis
905 3244 1007 3300 nature
1028 3239 1159 3319 refregit.
1198 3248 1202 3253 ’

443 3350 482 3411 Ut
502 3368 573 3428 grex
594 3367 759 3428 supremum
783 3347 833 3426 qui
856 3365 1000 3428 praeceps
1021 3356 1109 3428 etque
1131 3360 1286 3429 protervus

401 3459 460 3520 Per
480 3477 552 3520 saue
572 3459 727 3538 impastus,
749 3475 805 3536 per
824 3455 954 3520 cadmina
974 3477 1089 3520 summa
1110 3460 1222 3534 ruebat,

401 3569 448 3630 Fit
469 3587 591 3630 mausus
614 3567 693 3641 lolia,
716 3575 805 3646 atque
827 3585 895 3628 esee
917 3566 988 3628 dum
1009 3568 1140 3631 mmiuat
1160 3571 1277 3645 herbas,
1310 3637 1314 3646 ,

350 3687 385 3741 So
403 3678 499 3754 Quem
521 3697 615 3758 prope
637 3677 767 3756 pastoris
787 3661 924 3746 ¹custodia
945 3676 1004 3738 lida
1024 3677 1133 3740 bacillo

402 3789 466 3849 Stat
487 3788 565 3860 nixa,
588 3787 678 3866 ioque
700 3786 760 3848 illie
781 3794 841 3848 tota
863 3794 926 3860 est3
949 3794 979 3848 et
999 3806 1083 3848 more
1105 3791 1254 3870 modoque

401 3897 547 3976 [lpilionis
569 3915 639 3960 oves
657 3896 742 3976 juxte
763 3897 834 3964 dare
855 3895 989 3958 membra
1010 3898 1102 3977 quieti

402 4005 464 4068 Sub
487 4007 537 4068 dio
560 4006 649 4077 soliti,
673 4007 724 4085 qui
745 4005 849 4084 longas
871 4006 980 4068 ducere
1003 4016 1108 4076 noctes
1217 4061 1220 4068 .

402 4116 537 4178 Sustinet
558 4115 708 4194 evigilans,
731 4116 794 4179 lere
815 4135 854 4178 ue
876 4115 1031 4197 disperdat
1052 4119 1142 4180 ovile:

351 4223 384 4277 85
402 4222 491 4284 Tales
512 4233 583 4286 tuuc
603 4225 714 4306 pariter
734 4225 845 4286 luimus
866 4245 922 4286 nos
944 4227 1030 4307 copie
1053 4225 1167 4308 triplex,

401 4333 499 4395 Instar
520 4353 576 4413 ego
598 4328 715 4415 caprae,
737 4335 852 4396 similes
873 4336 1045 4416 pastoribus
1067 4339 1119 4412 illi,
1154 4335 1156 4342 ’

400 4442 567 4504 Praecincti
588 4442 660 4506 binc
681 4444 859 4524 atqueiude
880 4463 984 4526 speon.
1027 4447 1084 4508 llic
1104 4449 1232 4512 “traria
1255 4452 1332 4514 coeli
