3234 5396
338 503 399 567 308
807 505 940 555 ικιιηυιει
961 505 986 555 x.

403 723 454 785 Sic
476 741 509 783 sc
531 721 659 803 subjecit
679 730 783 795 totum,
806 729 927 801 totaque
948 731 1082 802 paratum

352 841 385 897 55
403 832 510 895 Gratus
531 840 639 904 mente,
662 832 766 905 anima,
789 841 822 892 ut
844 831 966 909 digessi,
988 833 1046 894 lrac
1069 832 1136 895 talia
1159 833 1249 906 laute,

401 943 447 1004 lle
469 949 579 1014 totum;
602 949 632 1002 et
653 959 737 1002 meus
759 941 914 1003 exardens*
927 961 961 1004 se
983 942 1085 1022 injecit
1106 943 1136 1004 iu
1159 941 1243 1004 illum

401 1052 494 1112 'lotus
517 1069 601 1112 amor
623 1049 676 1124 sic,
699 1058 732 1112 nt
754 1051 902 1114 delectum
925 1071 1014 1132 passa
1036 1052 1173 1113 linirem

402 1161 501 1222 Oblitc
523 1159 680 1222 exciderit:
704 1179 801 1238 neque
824 1179 888 1221 cam
912 1168 1009 1222 tanmn
1031 1161 1074 1222 ira
1097 1161 1275 1234 momordit3

401 1272 460 1334 Sed
484 1272 529 1332 sic
550 1269 680 1340 subrisit
705 1269 814 1330 ridenti
835 1278 866 1330 ut
888 1269 919 1330 in
942 1289 995 1330 ore
1017 1271 1158 1348 renidens

351 1388 385 1438 60
401 1381 536 1460 limpida
558 1380 607 1442 lux
629 1379 680 1440 uni
702 1377 889 1458 conjunctam
913 1380 944 1440 in
966 1379 1093 1459 plurima
1114 1387 1243 1440 mentem

402 1492 448 1552 Sit
470 1489 575 1570 partita
599 1507 703 1552 meam.
747 1487 912 1567 Plerosque
935 1507 992 1567 ego
1014 1507 1138 1550 cernere
1159 1489 1252 1561 rinos,

400 1601 619 1678 vincentesque
641 1599 727 1675 ignes
749 1616 815 1658 snm
837 1599 929 1671 risus,
953 1598 1003 1677 qui
1027 1598 1100 1660 orbe
1123 1615 1252 1660 coronae

401 1709 540 1789 Expanso
563 1707 678 1769 medios
700 1725 756 1768 nos
779 1707 955 1768 circumiere
976 1707 1075 1781 rotati,

402 1819 480 1880 Voce
503 1818 596 1894 magis
618 1815 731 1888 dulces,
755 1833 843 1895 quam
864 1816 961 1878 visum
984 1817 1050 1879 lucc
1072 1816 1195 1880 cientes.

351 1935 385 1988 65
446 1928 497 1991 Sic
519 1945 574 1988 nos
595 1927 708 1988 Latona
731 1926 861 2003 genitam
884 1927 1062 2008 quandoque
1084 1927 1218 1989 ridemus

402 2037 478 2100 lere
501 2045 559 2098 tam
573 2035 701 2112 gravido
724 2035 861 2100 cinctam.
885 2044 916 2096 ut
940 2043 1052 2098 tautum
1075 2055 1126 2098 ora
1147 2036 1274 2098 videnda

403 2147 509 2210 Ultima
531 2147 570 2210 sit
591 2163 694 2208 zonae.
737 2144 829 2217 Coeli,
852 2146 931 2207 node
954 2153 1096 2236 revertor,
1119 2147 1149 2208 lo
1172 2146 1239 2207 arola

404 2258 497 2338 Copia
518 2273 701 2335 gemmarum
723 2255 856 2334 pretiosa
879 2262 909 2315 et
930 2255 1055 2335 pulchre
1077 2264 1215 2318 conuscat

404 2366 496 2440 Talis,
518 2373 551 2426 ut
571 2365 722 2426 advectam
744 2362 822 2424 haud
844 2363 933 2426 licen
955 2364 1122 2428 subducere
1144 2383 1254 2444 regn03

352 2489 386 2540 70
403 2475 645 2556 splendoresque
667 2473 711 2535 illi
733 2473 913 2536 resonabant
935 2474 1071 2536 cautibus
1093 2474 1176 2536 illas:

403 2586 461 2660 Qui
484 2603 544 2646 non
566 2593 719 2646 uocantes
741 2583 813 2644 illuc
835 2583 893 2644 sibi
915 2585 1077 2664 sumpserit
1098 2585 1168 2656 alas,

401 2695 541 2756 Notitiam
563 2694 634 2758 hino
655 2700 781 2766 mancat
802 2701 884 2754 muto
906 2703 1053 2766 nomento,
1076 2694 1233 2756 novellam.

402 2805 563 2883 Postquam
584 2802 627 2864 illi
650 2800 788 2865 ardentes
809 2801 951 2864 modulati
973 2803 1049 2866 haec
1070 2804 1201 2866 carmina
1224 2803 1305 2866 soles

403 2914 462 2974 'lor
484 2931 540 2975 nos
563 2912 745 2985 circuitione,
767 2912 847 2974 velut
869 2929 950 2992 quae
968 2913 1115 2976 stantibus
1138 2923 1218 2976 astra

352 3033 385 3086 75
402 3023 549 3085 Volvuntu
585 3022 680 3084 vicina
700 3015 790 3101 joelis,
813 3021 886 3082 mihi
908 3022 990 3083 visus
1012 3022 1118 3084 adesse

400 3133 561 3195 Femineus
582 3133 693 3194 chorus
715 3140 770 3204 est,
793 3132 844 3212 qui
866 3131 998 3194 nondum
1020 3133 1086 3211 lege
1108 3132 1224 3194 solutus

402 3244 447 3304 Sit
469 3243 604 3314 choreae,
627 3241 775 3321 taciteque
797 3241 922 3304 arrectis
943 3241 1066 3305 auribus
1087 3243 1193 3316 adstat,

401 3353 502 3432 Usque
524 3370 617 3412 noras
639 3359 757 3430 captare
779 3359 865 3412 notas
887 3351 958 3412 dum
980 3353 1066 3431 copia
1089 3351 1185 3414 detur.

400 3462 495 3541 lnquc
516 3479 577 3523 uno
599 3481 635 3524 ex
656 3461 741 3540 ipsis,
765 3468 798 3522 ut
820 3459 912 3533 sensi,
936 3461 1014 3522 clara
1034 3461 1153 3542 loquela

350 3579 384 3633 80
400 3570 452 3633 Sic
474 3571 588 3651 coepit:
611 3569 758 3643 Quoniam
781 3569 905 3632 coelesti
927 3570 1019 3646 gratia
1040 3571 1194 3634 abundans

399 3681 536 3748 Lumine,
559 3679 639 3758 quod
660 3683 723 3741 reri
745 3680 878 3742 flammas
900 3680 1036 3742 accendit
1056 3681 1177 3755 amoris,

337 3788 1186 3869 'fflmwfflmmwme

401 3900 594 3980 Multiplicata
615 3897 669 3960 tibi
690 3898 811 3970 arridet,
835 3917 870 3960 ao
892 3907 971 3962 tante
994 3899 1130 3976 refulget,

401 4009 438 4070 Ut
460 4017 488 4070 te
509 4027 564 4089 per
585 4008 681 4070 scalas
702 4007 801 4070 isthuc
821 4009 976 4101 adduxerit
997 4008 1073 4083 illas,

350 4128 384 4181 85
403 4118 495 4192 Qneis
518 4119 583 4180 sine
604 4134 744 4196 regressu
766 4135 854 4180 nomo
877 4117 1065 4180 descenderit
1085 4137 1230 4199 unquam

403 4228 461 4300 Qui
482 4227 536 4289 tibi
558 4226 595 4289 de
617 4228 739 4308 propria
760 4225 860 4306 phiala
882 4246 936 4288 sna
956 4227 1025 4288 rina
1047 4236 1169 4307 negaret

401 4337 560 4416 Explctura
581 4338 670 4410 sitim,
694 4337 738 4398 sic
759 4335 854 4410 liber„
867 4345 899 4398 ut
921 4355 1027 4415 agmen
1048 4357 1201 4417 aquarum,

401 4445 499 4518 Esset,
523 4447 750 4526 quodprouum
772 4445 863 4508 maris
884 4446 962 4508 haud
985 4467 1019 4510 se
1041 4447 1172 4526 immittit
1193 4449 1223 4510 in
1245 4464 1366 4530 aequor.
