3282 5404
630 495 763 546 Ptntutst
781 497 845 546 XXV.

243 711 327 775 Illius
349 713 470 776 incendi
491 733 528 776 ex
548 714 613 775 vivo
636 713 778 778 interiore
798 733 922 778 recessu

196 824 380 897 redimens,
402 833 434 884 nt
455 823 560 885 scissis
583 843 741 904 erumpens
762 824 893 887 nubibus
914 824 1001 904 ignis.

244 935 358 996 Deinde
379 934 457 995 hane
474 933 585 995 efflavit
603 951 724 996 uocem:
748 935 832 1008 Quae
853 942 958 1014 peetus
980 951 1081 996 amore

243 1044 335 1105 Ardet
356 1043 452 1105 adhuc
472 1043 565 1104 virtue
586 1043 659 1106 mihi
682 1063 801 1123 semper
822 1045 859 1106 ad
880 1063 976 1124 usque
999 1061 1140 1104 coronam

243 1153 316 1216 Fida
338 1173 450 1226 eomes,
473 1152 569 1214 donee
590 1153 709 1214 lunetus
731 1152 891 1214 certamine
913 1153 1002 1227 obiri,

244 1262 290 1323 lle
309 1262 395 1343 jubet
416 1262 568 1342 adspirare
590 1261 660 1336 tibi,
684 1263 733 1342 qui
756 1263 884 1342 suspicis
905 1262 1003 1336 illam;

195 1385 227 1438 75
244 1377 340 1452 Atque
361 1372 434 1432 milri
456 1380 502 1433 est
524 1380 647 1451 gratum,
670 1373 696 1433 si
720 1384 759 1445 tu,
783 1373 854 1452 quid
875 1373 1020 1452 spondeat
1040 1371 1116 1450 ipsa,
1190 1355 1192 1363 Α

244 1481 313 1560 lpse
335 1480 407 1542 mihi
429 1482 521 1544 dicas.
544 1513 584 1527 -·
606 1483 669 1560 Ego
692 1492 768 1544 tum:
791 1483 972 1562 veteresque
994 1499 1147 1561 novaeque

245 1591 416 1670 Scripturae
438 1599 571 1654 statuunt
592 1592 718 1670 signum,
741 1591 820 1672 quod
842 1591 956 1652 nuntiat
976 1590 1085 1652 horum

245 1701 371 1773 Sortem,
396 1719 472 1780 quos
492 1701 580 1762 Pater
600 1701 650 1762 hie
671 1710 774 1762 noster
794 1701 852 1764 sibi
873 1701 944 1762 lecit
965 1701 1088 1762 amicos.

244 1810 376 1890 Namque
398 1808 491 1872 isaias
514 1810 626 1890 inquit:
650 1811 689 1873 Se
711 1812 828 1890 duplice
849 1821 932 1873 veste

194 1929 228 1983 80
246 1919 401 1981 Ornabnnt
422 1920 537 1982 animae
555 1921 676 2000 propria
697 1921 729 1983 in
751 1921 873 1997 tellure3
896 1920 951 1983 sed
972 1920 1031 1982 ista

244 2029 308 2091 Vita
329 2029 380 2090 hio
401 2038 461 2094 tam
483 2029 579 2091 duleis
602 2049 656 2092 sua
677 2031 784 2111 cuique
806 2039 851 2093 est
872 2031 993 2112 propria
1014 2029 1111 2092 tellus.

246 2139 470 2218 Germanusque
492 2147 561 2201 tuus
583 2139 676 2201 multo
697 2140 866 2202 distinctius
889 2141 978 2214 istud,

244 2247 318 2310 Alba
339 2248 390 2310 ubi
412 2257 625 2310 commemorat
645 2249 801 2324 velamina,
823 2250 955 2330 pandere
976 2247 1065 2310 nobis

244 2359 392 2420 Arcanum
414 2359 584 2420 admonitus
604 2360 712 2439 potuit.
734 2393 777 2404 -
797 2360 844 2422 lle
865 2360 934 2421 talia
956 2360 1046 2430 lente,

195 2482 228 2536 85
244 2467 283 2529 Et
304 2461 467 2548 quasi‘suh
489 2469 589 2543 finem,
611 2469 764 2530 coelorum
785 2489 821 2531 ex
841 2479 925 2548 parte
948 2485 1077 2548 superna

244 2577 314 2651 Vox,
337 2577 375 2640 ln
398 2589 426 2640 te
447 2588 576 2657 sperent,
600 2586 646 2640 est
666 2580 812 2654 exaudita,
836 2579 1005 2658 chorusque

246 2686 351 2748 Omnis
373 2687 410 2748 ad
432 2686 510 2748 hano
529 2705 633 2749 vocem
654 2688 769 2768 pariter
787 2707 934 2768 responsa
955 2686 1080 2750 remisit.

286 2796 362 2858 Exin
383 2796 438 2858 has
460 2796 538 2858 inter
558 2798 683 2861 choreas
705 2799 753 2860 lux
775 2819 834 2861 una
855 2797 974 2860 refulsit

246 2906 304 2979 Sic,
327 2913 369 2979 ut,
392 2906 418 2967 si
440 2906 493 2968 tali
514 2907 681 2970 flammaret
701 2909 816 2972 Cancer
836 2909 873 2971 alr
895 2916 986 2981 astro,

195 3027 229 3080 uu
246 3015 309 3078 Una
331 3016 394 3077 dies
416 3014 544 3078 hiemem
566 3025 658 3078 totam
681 3028 840 3098 aequatura
862 3017 976 3078 luisset.

245 3126 287 3187 Ao
309 3125 398 3186 veluti
420 3126 573 3205 surgitque
595 3126 677 3205 itque
698 3127 921 3205 ingrediturque
945 3125 1084 3186 choream

246 3235 333 3313 Virgo
355 3233 469 3308 hilaris,
492 3234 581 3296 modo
605 3235 675 3296 dum
698 3255 828 3315 sponsae
851 3233 1000 3315 persolvat
1019 3233 1174 3306 honorem,

246 3343 312 3405 Non
330 3345 446 3424 jactans
468 3363 552 3406 sese:
574 3344 652 3406 haud
676 3346 762 3406 aliter
781 3345 945 3426 procedere
966 3342 1028 3405 vidi

247 3453 444 3532 splendorem
466 3453 644 3516 instructum
664 3455 700 3516 ad
722 3455 810 3517 binos
832 3475 865 3516 se
888 3462 1029 3532 utrosque
1050 3459 1182 3514 rotantes

197 3571 230 3624 95
247 3563 280 3624 ln
303 3581 413 3643 gyrum,
436 3562 549 3626 alterno
571 3572 604 3626 ut
625 3563 723 3626 decuit
744 3565 922 3628 flammantia
945 3581 1045 3626 amore

246 3672 381 3746 Pectora,
404 3671 446 3734 ibi
467 3673 556 3736 simul
578 3683 608 3738 et
629 3682 748 3738 cautum
769 3683 799 3737 et
820 3673 1020 3738 modulamina
1040 3689 1147 3736 vocum

245 3782 417 3860 Ingressum
438 3783 548 3846 subito.
591 3783 655 3846 Mea
678 3793 748 3846 tuno
768 3785 909 3850 haerebat
930 3784 962 3848 iu
983 3781 1051 3844 illos

246 3892 346 3953 Defixa
369 3891 473 3956 obtutu
494 3893 628 3967 Domine,
649 3902 683 3956 nt
703 3895 793 3956 modo
815 3903 906 3974 nupta
929 3891 1028 3973 puella

247 4001 335 4076 Muta,
358 4001 480 4066 immota
500 4021 634 4069 manens.
677 4003 756 4066 Eece
776 4004 826 4067 hie
846 4002 1010 4084 Apostolus
1031 4000 1091 4074 ille,

182 4119 231 4171 1⁰0
250 4110 307 4184 Qui
322 4110 420 4191 ‚jacuit
441 4131 531 4193 supra
552 4113 684 4176 Pelieani
706 4121 830 4194 pectora
848 4113 953 4186 nostri,

249 4220 302 4282 Cui
324 4221 400 4285 lecto
421 4239 562 4301 magnum
582 4222 688 4301 legavit
709 4224 747 4286 de
768 4242 856 4287 eruce
878 4240 995 4286 munus.

248 4330 300 4391 Sie
320 4331 411 4408 haeo;
432 4351 493 4394 non
515 4340 616 4394 tamen
636 4332 749 4395 ideireo
771 4335 917 4398 divertere
939 4327 1035 4396 visum

247 4439 365 4516 Postea,
388 4450 421 4504 nt
441 4454 509 4504 ante
531 4460 601 4504 suns
623 4459 712 4521 quam
732 4443 871 4506 tunderet
891 4459 944 4504 ore
964 4439 1108 4521 loquelas.
