3362 5414
259 536 308 583 xlv
803 523 975 576 rtlsttrto.

329 722 363 771 sa
381 706 540 770 Eminuere
562 707 652 770 modo
674 709 800 770 Didonis
821 709 857 770 nh
880 709 998 788 agmine
1021 709 1072 772 tali

422 811 517 888 Atque
539 807 636 889 palam
657 809 745 892 nohis
766 819 890 890 patuere
913 827 967 891 per
988 816 1056 872 adra
1077 827 1216 892 pravum3

423 909 516 971 Tanta
538 909 595 972 fuit
614 909 728 974 validae
750 911 824 974 mihi
845 919 918 972 tuno
940 912 1057 972 affectio
1079 914 1173 976 vocis.

382 1010 407 1072 0
431 1011 567 1072 animalis
588 1009 688 1086 homo,
713 1011 764 1092 qui
787 1020 889 1091 gratus
912 1030 945 1072 es
968 1021 1054 1094 atque
1075 1013 1231 1092 benignus,

422 1113 525 1174 Visere
549 1113 659 1193 quique
680 1113 764 1175 venis
786 1111 905 1174 Inferna
926 1131 982 1193 per
1003 1121 1070 1176 adra
1091 1116 1216 1194 pullum,

330 1224 363 1274 90
424 1213 456 1276 Si
478 1215 558 1276 [leus
579 1215 768 1276 omnitenens
791 1215 885 1276 nostri
908 1223 1058 1278 constaret
1078 1215 1201 1288 amiens,

380 1315 570 1394 Sanguine*)
592 1315 708 1378 lotifero
731 1315 782 1396 qui
805 1316 948 1378 mundum
969 1317 1109 1378 tinnimns
1131 1317 1213 1389 olim,

422 1417 530 1480 Nostra
550 1435 657 1498 preses
680 1435 735 1497 pro
757 1434 832 1497 pane
851 1427 903 1478 tua
923 1435 979 1478 ron
1002 1419 1140 1482 funderet
1160 1419 1223 1494 itti;

421 1518 474 1580 Ast
495 1519 545 1580 uhi
567 1527 596 1580 te
620 1519 718 1599 pietas
741 1518 778 1580 de
801 1517 911 1581 nostris
934 1518 1080 1580 mortibus
1102 1520 1162 1594 init,

381 1620 538 1694 Quomodo
560 1628 592 1682 tu
615 1621 718 1700 cupias
741 1619 843 1682 audire
866 1619 910 1681 vel
934 1619 1034 1682 omnia
1057 1601 1128 1694 fari(

330 1727 362 1778 95
422 1721 483 1784 Nos
507 1722 658 1801 capiemus
681 1721 769 1794 enim,
793 1740 848 1782 nos
871 1729 900 1782 et
921 1719 975 1782 tibi
998 1731 1105 1801 sponte
1126 1719 1292 1802 loquemur,

422 1824 524 1885 lioneo
546 1841 678 1894 amoena,
700 1823 780 1884 velut
802 1822 879 1896 facit,
903 1841 972 1884 aura
995 1823 1114 1884 silentia
1137 1832 1243 1884 serrat.

378 1923 465 1998 Urbs,
489 1921 540 1985 ubi
563 1931 630 1986 nata
653 1924 703 1997 fui,
727 1925 840 1985 residet
860 1941 954 2004 penes
975 1924 1115 2004 aequoris
1136 1923 1242 1998 undas,

422 2026 530 2088 llelluit
553 2025 701 2086 Eridanus
724 2043 793 2108 quo,
817 2034 915 2086 sumat
936 2037 970 2086 ut
990 2027 1056 2105 ipse
1079 2026 1210 2106 quietem

423 2128 496 2189 Cum
518 2127 616 2189 fluviis
639 2126 763 2207 reliquis
786 2127 918 2207 rivisque
941 2127 1135 2205 sequentibus
1157 2128 1251 2190 illum.

314 2239 362 2290 tuo
379 2229 433 2290 Ast
454 2248 546 2299 omar,
568 2229 697 2306 ingenuo
720 2228 802 2290 cordi
827 2228 877 2308 qui
901 2229 1037 2308 protinus
1058 2230 1170 2298 haeret.

422 2329 508 2391 llune
528 2329 634 2410 rapuit
655 2329 811 2410 junxitque
833 2348 900 2391 meo
924 2349 990 2392 eum
1015 2349 1141 2410 corpore
1163 2329 1299 2408 pulchro,

420 2432 485 2492 Janr
508 2431 580 2492 milri
604 2430 730 2503 sublato,
754 2432 808 2491 sed
831 2429 927 2492 adhue
950 2431 1056 2491 modus
1079 2431 1172 2492 ofdeit
1195 2429 1328 2494 umbrae.

380 2532 438 2606 Qui
462 2533 514 2593 sed
537 2552 622 2594 amor
643 2532 716 2593 nulli
738 2540 890 2611 peramato
913 2532 1009 2612 paroit
1031 2551 1141 2594 amore.

422 2621 512 2695 lluno'
529 2633 610 2708 milri,
634 2651 687 2694 vae
709 2632 845 2705 miserae,
868 2645 929 2694 tam
951 2641 1065 2712 gratum
1088 2631 1226 2713 praetulit
1248 2643 1310 2696 orte
1323 2637 1382 2712 **),

314 2741 361 2790 105
423 2737 519 2810 Quod,
543 2734 622 2796 velut
643 2735 709 2814 ipse
731 2734 823 2806 vides,
848 2735 979 2796 nondum
1001 2753 1048 2796 me
1071 2736 1207 2814 linquere
1229 2736 1319 2798 norit.

379 2838 440 2899 Nos
463 2856 554 2910 amor,
577 2837 656 2898 unde
678 2837 755 2898 duos
777 2836 868 2897 letum
891 2836 1032 2898 connexit
1052 2835 1088 2898 ad
1112 2856 1220 2912 unum;

421 2941 521 3002 Poena
545 2939 635 3000 Csina
656 2947 764 3010 manet,
789 2938 839 3018 qui
862 2957 917 2998 nos
939 2958 956 3000 a
977 2937 1043 2998 luoe
1066 2938 1196 2999 diremit.
1218 2973 1261 2983 -

421 3041 481 3102 fsto
505 3043 598 3112 luere,
622 3040 668 3102 sui
691 3039 779 3100 nobis
803 3058 877 3117 quae
898 3038 988 3101 verba
1011 3039 1166 3100 dederunt.

380 3143 440 3204 llas
463 3140 514 3202 ubi
535 3141 658 3220 percepi
680 3140 777 3202 laesas
800 3140 969 3202 immaniter
990 3139 1120 3212 umbras,

311 3267 361 3317 410
422 3243 490 3305 llox
512 3243 618 3304 faeiem
640 3243 718 3316 flexi,
740 3242 823 3304 tenui
846 3251 1019 3322 tantumque
1042 3241 1215 3312 saliuncam,

420 3347 523 3407 Dnneo
544 3345 586 3406 ait
606 3353 686 3406 vates
709 3344 797 3407 mihi:
822 3343 893 3424 quid
916 3361 995 3404 nuno
1016 3353 1140 3425 pectore
1159 3339 1294 3405 tractos?

379 3449 478 3522 Quum
500 3446 559 3508 sihi
581 3446 722 3526 respondi
746 3455 837 3520 ratus,
860 3447 921 3508 heu
942 3465 1001 3519 me,
1024 3445 1126 3508 dicere
1148 3446 1244 3526 coepi,

422 3549 502 3622 Quot
522 3548 641 3627 lepidae
664 3565 760 3619 curae,
784 3549 914 3626 flagrans
937 3557 967 3608 et
988 3557 1098 3626 quanta
1121 3547 1229 3626 cupido

419 3651 482 3710 llos
505 3649 625 3726 fragiles
648 3647 757 3708 drrxere
780 3648 854 3708 duos
877 3649 1024 3709 moeroris
1048 3649 1083 3708 ad
1108 3647 1221 3709 aetum!

313 3762 360 3811 115
378 3751 434 3812 llio
457 3753 492 3811 od
517 3769 569 3812 eos
593 3767 764 3820 conversus,
789 3767 843 3826 ego
866 3769 932 3810 mea
955 3745 1051 3826 dirigo
1074 3749 1172 3819 rerba,

421 3852 590 3930 Ooeipieos
613 3848 782 3922 francisca,
805 3851 847 3910 tui
869 3860 1016 3912 tormenta
1040 3849 1153 3910 doloris

420 3954 463 4014 td
486 3952 634 4024 lacrimas,
656 3951 831 4032 tristemque
853 3951 946 4030 pium,
968 3970 1016 4011 me
1037 3952 1162 4012 maxime
1185 3953 1319 4026 dueuut;

378 4056 437 4117 Sed
460 4053 533 4114 mihi
557 4053 614 4126 dio,
638 4053 756 4132 quando
780 4052 910 4132 suspiria
932 4051 1030 4113 duloia
1052 4051 1171 4124 flabant,

420 4154 464 4218 dd
488 4154 567 4234 quid,
591 4155 822 4234 quoquomodo
845 4161 915 4215 tune
937 4172 985 4214 ars
1008 4153 1159 4216 concessit
1180 4155 1300 4228 arnonis,

312 4264 360 4316 120
420 4258 495 4318 Vota
518 4256 596 4336 quod
620 4256 756 4336 ambigua
779 4255 886 4318 fierent
907 4253 1063 4318 notissima
1084 4253 1194 4318 vobis?

323 4478 349 4541 *l
368 4479 426 4530 Cod.
445 4479 462 4529 A
480 4479 598 4540 sanquine.

323 4563 364 4629 ”l
382 4565 444 4618 llum
462 4566 541 4614 orotel
589 4567 592 4572 ’
