3234 5396
569 491 750 541 rubentum!
774 491 864 540 Xllllll.

119 581 356 591 m

204 709 306 796 'Quod
328 709 412 788 prius
434 709 470 770 ad
492 717 629 770 truncum
651 708 767 786 gemina
789 708 853 769 lera
875 710 1006 788 praedita
1028 711 1123 772 lorma

216 819 365 880 Vinxerat.
407 819 490 880 lianc
513 818 764 898 septemgeminae
786 818 905 880 cinxere
927 837 1038 881 corona

216 928 378 1008 Nymphae,
401 947 474 1008 prae
496 927 633 989 manibus
654 935 808 1006 portantes
830 928 982 1006 lampadas
1005 929 1081 1002 illas,

219 1038 303 1110 Quae
324 1039 436 1100 Boreae
459 1045 547 1116 atque
568 1036 668 1098 Austri
692 1055 815 1098 securae
836 1038 956 1098 llamina
979 1046 1131 1118 spernunt.

168 1159 201 1210 tiu
259 1147 361 1208 lncola
384 1148 444 1208 eris
467 1147 558 1208 silvae
580 1147 631 1208 bic
653 1147 812 1218 modicum,
836 1147 902 1208 sine
924 1149 983 1208 sine
1006 1149 1122 1210 iuturus

217 1260 334 1320 Mecum
356 1258 439 1318 urbis
460 1257 571 1318 llomae
594 1256 675 1328 civis,
701 1276 757 1336 qua
780 1256 916 1318 Christus
939 1257 975 1318 ab
998 1257 1072 1320 urbe

217 1367 368 1429 Romanus
391 1367 451 1428 dici
472 1366 574 1428 voluit.
620 1366 718 1438 Quare
741 1366 861 1445 adspice
885 1384 1012 1440 currum,

217 1477 255 1538 Ut
274 1477 375 1556 prosis
397 1476 518 1550 mundo,
542 1476 627 1557 cujus
649 1484 719 1536 suut
739 1477 869 1556 pessima
892 1477 975 1550 lacta,

216 1586 313 1666 Atque
335 1586 428 1647 redux
449 1585 519 1648 illuc
541 1587 588 1647 lac
610 1585 724 1648 scribas
747 1587 846 1648 omnia
868 1587 939 1648 visa.

167 1702 200 1755 95
260 1687 354 1768 bisin
377 1713 431 1774 ego
455 1704 536 1758 totus
559 1696 696 1758 dominae
718 1696 854 1758 mandata
876 1705 996 1775 parmas

215 1803 356 1883 Fungier,
378 1814 408 1866 et
429 1813 558 1867 mentem
581 1813 669 1884 atque
693 1805 806 1878 oculos,
831 1824 888 1884 quo
907 1806 1038 1886 jusserat
1060 1805 1119 1879 illa,

217 1914 372 1976 Contendi.
415 1915 572 1994 Nunquam
596 1925 678 1976 motu
701 1925 760 1976 tam
782 1923 922 1996 praepete
943 1916 1024 1976 venit

216 2025 296 2102 lguis
319 2025 487 2086 condensae
510 2025 644 2098 nebulae,
668 2044 734 2086 cum
757 2025 868 2086 decidit
888 2025 938 2087 illa

106 2143 108 2265 Ι
217 2135 260 2195 Ex
280 2135 404 2213 regione
425 2135 529 2208 imber,
553 2154 629 2214 quae
650 2135 718 2213 plus
742 2134 851 2196 distare
874 2143 1008 2213 putatum

106 2274 108 2282 ,
156 2247 201 2297 1⁰⁰
217 2245 255 2306 Ut
274 2244 334 2306 vidi
357 2245 387 2306 in
408 2245 538 2325 plantam
560 2245 710 2306 volucrem
730 2246 811 2306 ,lovis
834 2244 953 2306 aethere
975 2245 1099 2324 lapsum,

216 2355 321 2416 Flores
343 2361 529 2435 rumpentem
551 2363 640 2432 atque
661 2373 753 2415 novas
776 2371 843 2414 cum
865 2354 975 2415 cortice
999 2355 1129 2427 lrondes,

218 2463 277 2537 Qui
299 2465 409 2544 pariter
429 2472 491 2526 toto
515 2466 664 2544 percussit
685 2464 792 2524 robore
815 2482 943 2524 currum.

219 2575 317 2647 Quare
339 2574 388 2636 bic
409 2575 528 2648 nutavit,
553 2593 607 2635 ceu
629 2574 854 2651 tempestatibus
875 2581 939 2634 acta

216 2685 241 2744 Α
262 2685 363 2746 dextra
384 2685 525 2764 laevaque
547 2685 619 2744 ratis
642 2683 851 2762 superantibus
874 2683 972 2745 undis.

154 2805 200 2859 1⁰5
258 2794 371 2857 Deinde
394 2793 580 2873 triumphalis
602 2793 662 2854 vidi
684 2814 716 2854 se
740 2794 896 2855 immittere
919 2794 1004 2855 cunis

217 2905 382 2982 Qiradrigac
404 2904 531 2984 vulpem,
553 2903 695 2964 membris
717 2904 895 2966 testantibus
917 2906 1013 2984 ipsam

220 3016 312 3077 Postu
334 3015 415 3075 omni
439 3013 572 3074 caruisse
595 3013 685 3076 bono.
732 3014 791 3076 Sed
815 3015 912 3093 turpia
934 3024 1052 3076 centum

215 3125 291 3186 Huic
314 3143 385 3186 ausa
408 3124 554 3204 objiciens
577 3124 683 3185 mulier
704 3125 779 3186 lacta
802 3123 912 3184 arbitra
935 3125 1038 3196 nostri,

214 3235 280 3313 Egit
301 3234 505 3315 praecipitem,
528 3233 748 3313 fugientemque
766 3234 876 3312 impote
898 3242 986 3306 tanto,

152 3358 198 3408 tlt
215 3345 366 3418 Quantum
388 3345 466 3406 lerre
488 3362 618 3422 unquam
640 3344 704 3404 siue
727 3343 866 3404 carnbus
889 3362 958 3404 ossa
979 3343 1123 3404 valebant.

256 3456 332 3516 Dein
355 3473 412 3534 qua
435 3473 471 3514 cx
491 3460 576 3533 parte
598 3454 681 3533 prius
704 3452 833 3514 volucris
856 3453 1023 3525 devenerat,
1047 3454 1145 3532 ipsum

214 3565 281 3628 vidi
303 3572 448 3626 secretam
472 3581 576 3624 currus
598 3562 779 3624 descendere
802 3564 832 3622 in
854 3581 961 3635 arcam,

216 3667 359 3754 Corporis
381 3682 467 3753 atque
491 3673 536 3734 sui
550 3672 692 3736 ¹vestitam
714 3672 850 3750 linquere
872 3672 990 3750 pennis.

101 3800 103 3892 p
255 3786 294 3846 m
316 3784 410 3864 qualis
432 3784 520 3845 corde
544 3802 703 3862 erumpens
724 3782 848 3860 lugubre
870 3782 990 3847 dolenti.

152 3900 197 3954 115
214 3895 295 3957 llaec
316 3913 372 3956 vox
394 3894 482 3955 exivit
504 3893 604 3954 coelo:
628 3893 692 3954 Mea
715 3892 857 3971 cymbula,
882 3911 1006 3970 quanam

213 4006 311 4066 Merca
334 4013 455 4068 onerata
477 4003 553 4094 male
576 4000 629 4063 esi
658 4035 700 4045 —
728 4002 799 4063 llibi
821 4001 929 4062 deinde
952 4002 1106 4064 debiscere
1129 4003 1189 4064 visa
1212 4011 1258 4065 est
1331 4053 1333 4078 ,

215 4115 307 4177 Terra
328 4123 410 4176 rotas
432 4113 534 4174 ambas
557 4114 643 4184 iuter,
666 4112 784 4191 vidique
806 4112 965 4174 draconem

213 4225 300 4286 Exire
324 4232 353 4286 et
374 4226 459 4285 fixam
482 4241 537 4302 per
558 4241 677 4284 currum
699 4222 834 4283 attollere
856 4223 989 4294 caudam,

214 4334 281 4408 Qui,
304 4333 483 4395 retrahentis
507 4349 592 4394 acum
613 4351 721 4411 vespae
744 4333 781 4393 de
803 4351 895 4404 more,
919 4332 1076 4409 malignam
1167 4365 1169 4370 ·

152 4449 197 4502 12⁰
214 4443 343 4506 Caudam
366 4443 403 4504 ad
427 4461 460 4504 se
483 4443 579 4515 traxit,
603 4461 707 4504 cirrrus
729 4450 901 4522 partemque
924 4442 1068 4504 reviilsam
