3362 5414
681 587 874 642 llllllllillOlillld
891 587 921 640 ll.

306 807 413 870 Coram
433 825 505 886 repe
525 825 609 881 meo,
633 825 700 872 oum
722 809 763 871 sit
783 809 852 873 data
873 810 974 890 copia,
998 811 1035 872 de
1056 818 1086 874 te

254 921 289 973 7⁰
304 916 436 980 Plurima
457 935 548 998 saepe
569 917 675 999 loquar
695 918 829 982 laudans.
850 953 893 964 -
913 927 951 982 At
971 919 1022 982 nbi
1045 938 1098 982 ora
1119 921 1273 1001 repressit,

183 1049 187 1054 ·
306 1025 358 1088 Sic
379 1026 481 1106 coepi:
506 1027 531 1090 0
552 1027 661 1090 madian
681 1037 854 1108 praestans,
877 1029 1021 1104 eunica,
1044 1029 1114 1104 dixi,

305 1136 365 1198 Per
385 1154 473 1216 mam
493 1137 653 1218 progenies
674 1137 829 1200 bominum
851 1137 1055 1220 supereminet
1075 1157 1172 1215 omne,

306 1246 458 1327 Quidquid
478 1247 569 1310 babet
589 1248 721 1322 eoelum,
742 1247 868 1310 minimo
891 1249 971 1330 quod
992 1249 1117 1312 vertitur
1138 1269 1202 1324 axe,

305 1356 377 1417 'lam
396 1355 530 1438 jucunda
550 1357 627 1420 meis
649 1365 700 1420 tua
721 1365 791 1420 sunt
808 1357 894 1438 jussa
915 1358 1055 1433 auribus,
1077 1366 1110 1428 ut
1131 1359 1158 1422 si

242 1479 287 1544 ,75
303 1465 364 1528 lsta
386 1466 605 1542 exhausissem,
627 1467 711 1530 tarde
733 1485 839 1548 parere
860 1467 992 1543 viderem

304 1575 367 1638 Nec
387 1575 474 1640 labor
494 1577 621 1640 ulterius
642 1576 698 1638 tibi
720 1575 915 1658 disperire,
939 1578 1018 1658 quod
1040 1586 1137 1660 optas.

304 1685 412 1748 Verum
434 1703 488 1765 age
510 1687 573 1762 dic,
597 1705 689 1768 qaaere
710 1687 790 1750 baud
811 1687 924 1766 refugis
946 1687 1128 1750 descendere
1150 1687 1182 1750 iu
1203 1689 1283 1752 istud

305 1795 446 1858 Centrum
467 1796 541 1859 urbe
563 1815 599 1858 ex
620 1796 732 1878 ampla,
757 1815 845 1877 quam
866 1807 899 1860 tu
921 1797 1008 1859 ardes
1029 1797 1242 1861 rursus-inire.

288 1930 292 1940 ι
345 1905 527 1986 Respondit:
550 1906 653 1968 Dicam
674 1906 819 1982 breviter,
843 1925 896 1969 cnr
917 1907 1030 1988 absque
1051 1907 1159 1970 timore

252 2024 288 2078 8⁰
303 2013 368 2078 lluo
390 2015 471 2078 intus
493 2016 623 2091 veniam,
645 2034 745 2079 rerum
767 2035 949 2096 cognoscere
970 2035 1092 2080 caussas

304 2125 336 2187 Si
358 2125 413 2188 tibi
435 2133 534 2188 tautam
557 2144 649 2189 amor.
694 2126 798 2188 Solum
819 2133 889 2189 suut
910 2125 960 2188 illa
982 2126 1137 2201 timenda·

305 2235 399 2309 Queis
420 2244 525 2298 natura
546 2236 650 2300 subest
669 2236 764 2310 uada,
786 2236 890 2317 visque
911 2243 1014 2316 parata
1034 2255 1165 2312 nocere3

305 2345 429 2408 Caetera
449 2365 525 2420 uon,
547 2346 579 2410 in
601 2346 645 2409 eis
667 2346 738 2427 quia
758 2346 908 2409 nula-est
928 2363 1034 2408 caussa
1056 2345 1187 2426 pauoris.

305 2454 405 2518 Gratia
426 2475 541 2518 summa
562 2457 640 2531 Deo,
664 2456 714 2538 qui
736 2474 784 2518 me
806 2463 868 2518 um
887 2454 1103 2536 pectore'iorti

253 2565 286 2619 85
302 2565 434 2640 lecerit,
457 2573 490 2628 ut
511 2566 592 2630 nullo
614 2574 781 2632 vestrorum
804 2583 914 2646 angore
935 2545 1081 2628 malornm
1103 2623 1106 2630 .

304 2675 436 2756 Tangar,
458 2695 516 2740 nae
537 2676 619 2739 lacus
640 2677 691 2739 bie
712 2678 896 2739 flammarum
918 2675 1037 2738 laedere
1057 2677 1165 2756 possit

300 2785 370 2848 Stat
390 2804 482 2866 snper
503 2796 582 2849 astra
603 2785 684 2867 poli,
706 2785 828 2866 ingenio
849 2786 1018 2848 veneranda
1038 2784 1178 2865 benigno,

302 2894 440 2970 Femina,
464 2915 539 2976 quae
560 2895 701 2958 miserata
722 2895 817 2958 vicem
839 2895 921 2958 dolet
941 2895 1119 2975 indupediti

301 3004 346 3066 Ad
369 3023 457 3086 qnam
479 3005 633 3080 tentitto,
656 3005 803 3087 Supemm
826 3013 859 3068 ut
880 3004 1041 3068 durissima
1063 3005 1180 3085 frangat

252 3111 286 3164 ⁹⁰
301 3113 436 3192 ludicia3
460 3126 548 3196 atque
570 3116 646 3178 haec
666 3117 782 3178 bueron
805 3115 881 3188 adit,
905 3122 953 3177 sat
972 3115 1065 3177 multa
1086 3115 1229 3194 rogando,

302 3225 398 3305 Atque
421 3224 477 3288 ait:
500 3225 554 3287 llle
576 3224 631 3287 tib‘i
653 3225 818 3298 fidissimus
840 3225 960 3304 indigns
982 3235 1062 3286 errat

302 3334 388 3397 Nunc
409 3335 477 3416 opis
499 3334 658 3415 auxiliique
680 3335 747 3410 tui,·
762 3353 851 3415 mem
872 3333 1008 3414 supplice
1031 3352 1104 3396 voce

302 3444 348 3507 lin
369 3440 425 3508 tibi
447 3446 634 3508 commendo.
677 3442 847 3518 notastis,
871 3461 964 3522 genus
986 3461 1075 3504 omne
1096 3461 1205 3524 perosa

301 3553 393 3616 Luem
416 3554 571 3629 saevitiae,
593 3562 675 3618 mota
697 3565 758 3629 est,
780 3564 869 3634 atque
891 3551 996 3616 intima
1016 3547 1099 3616 u'euit

251 3673 286 3728 to
301 3663 336 3726 ln
358 3663 439 3740 loca,
462 3663 513 3727 ubi
536 3664 675 3746 antiquae
695 3665 849 3728 moniam
867 3663 972 3745 juncta
994 3663 1145 3738 sedebam,

301 3773 339 3836 Et
360 3773 407 3836 tic
427 3783 474 3838 est
495 3777 598 3838 affata:
621 3774 674 3838 Dei
696 3774 761 3836 laus
782 3793 867 3849 vera,
890 3774 1033 3849 Beiram,

303 3885 363 3947 Cur
382 3901 444 3946 non
466 3885 533 3966 ipsa
551 3885 638 3967 juras
660 3892 742 3946 tanto
763 3885 844 3970 bnuc
864 3882 921 3946 tibi
943 3903 1044 3947 amore
1066 3882 1278 3965 propinquum,

301 3993 420 4057 Nobilis
441 4005 474 4057 ut
494 4014 550 4075 per
572 4003 600 4058 te
621 3995 742 4058 incedat
760 3993 893 4074 uulgaria
915 3991 1085 4077 spemena‘l

300 4103 369 4166 Non
392 4112 421 4167 te
441 4105 573 4168 bominis
594 4104 719 4168 miseret
739 4123 793 4168 sua
814 4104 913 4168 tristia
933 4105 993 4167 lata
1015 4099 1186 4166 dolentisi‘

235 4221 285 4276 lut
300 4215 407 4278 Nonne
428 4214 512 4276 vides
533 4214 634 4277 medio
655 4215 817 4278 luctantem
838 4215 877 4278 in.
890 4214 1011 4277 turbine
1031 4212 1139 4276 mortis

300 4326 388 4388 Juxta
410 4343 528 4387 amnem
551 4324 663 4388 Oceani
686 4332 877 4406 spernentem
896 4325 964 4406 jura
987 4321 1143 4404 superba?¹

301 4435 396 4498 Nemo
418 4453 550 4516 unquam
572 4453 626 4498 sua
647 4427 729 4497 lucra
751 4434 852 4514 sequi,
877 4441 927 4498 aut
946 4434 1040 4496 vitare
1061 4418 1193 4514 paratus*

303 4543 354 4607 Sic
375 4543 433 4608 luit
453 4544 484 4608 in
505 4545 595 4610 terris
617 4545 770 4620 manifesti
790 4531 981 4609 incommoda
1002 4543 1112 4619 damni,
