3236 5394
621 560 814 610 lassabunda
833 561 887 618 xlv.

258 777 376 849 Nudos,
400 785 488 857 atque
511 795 615 838 omnes
636 777 720 839 valde
742 778 912 842 miserabile
933 781 1056 855 llentes;

260 887 318 961 Qui
340 886 413 948 mihi
436 895 506 948 sunt
527 887 584 948 visi
605 887 721 950 diversa
745 887 809 966 lege
831 891 936 951 teneri.

259 998 332 1060 Nam
354 996 498 1076 resupina
520 995 586 1057 solo
609 1015 682 1075 gens
705 997 848 1076 quaedam
872 1006 964 1061 strata
982 999 1119 1080 jacebat;

261 1105 413 1180 Quaedam
435 1106 507 1168 sede
530 1105 651 1178 sedens,
674 1114 755 1168 arcte
777 1115 989 1190 contractaque
1011 1108 1124 1182 stabat3

172 1293 177 1299 „
209 1233 243 1284 au
260 1216 358 1278 Altera
381 1216 523 1278 continuo
546 1233 620 1294 gens
642 1215 705 1278 ibat
726 1216 843 1278 concita
865 1227 957 1279 motu.

261 1327 344 1400 Quae
366 1325 517 1398 circumit,
541 1325 637 1406 major
658 1325 766 1399 multo,
789 1325 888 1387 minor
909 1326 1001 1388 altera
1022 1346 1137 1407 poenae

260 1436 399 1498 Subdita:
424 1445 454 1496 at
474 1434 531 1496 ista
548 1435 649 1512 ,magis
672 1435 806 1496 solvebat
826 1436 928 1498 fraena
950 1437 1046 1498 dolori

259 1545 382 1625 Allapsu
403 1545 483 1606 lento
505 1545 689 1606 flammarum
713 1563 842 1624 expansa
863 1545 1005 1625 pluebant

259 1655 389 1728 Vellera,
412 1673 557 1717 arenosus
579 1672 702 1734 campus
724 1673 909 1735 quacumque
931 1659 1068 1735 patescit,

208 1774 242 1827 ab
257 1765 314 1828 Nix
336 1765 435 1845 alpina
456 1764 550 1836 velut,
574 1762 664 1826 nullis
687 1765 871 1844 spirantibus
894 1765 984 1826 auris.

242 1872 386 1950 'Quales,
409 1873 535 1936 assiduo
554 1893 610 1953 qna
634 1873 747 1936 torrida
769 1874 862 1934 lervet
884 1874 919 1934 ab
943 1883 1028 1938 aestu
1091 1886 1095 1896 '

260 1985 356 2059 lndia,
380 1983 525 2045 militibus
547 1982 675 2044 Pellaeis
697 1983 831 2045 incidere
852 1983 937 2062 ignes

258 2094 337 2156 Vidit
357 2096 551 2166 Arusianus,
575 2092 749 2172 solidosque
771 2092 943 2154 incumbere
966 2101 1077 2166 terram

260 2204 358 2277 Quare
380 2203 553 2283 provisam,
574 2203 679 2283 juncto
702 2201 790 2264 simul
813 2202 945 2280 agmine,
964 2203 1057 2283 J'ussit

207 2331 241 2382 ao
259 2313 440 2378 Conculcare
462 2312 560 2374 solum
581 2311 722 2392 pedibus,
747 2329 813 2372 narn
834 2330 926 2391 posse
947 2331 1088 2394 vaporem

258 2425 387 2486 Noverat
408 2421 555 2500 exstingui
578 2421 700 2495 melius,
724 2421 793 2483 dum
816 2422 898 2483 solus
921 2422 1034 2484 adurit:

259 2534 340 2596 Talis
362 2543 426 2594 erat
447 2531 512 2594 sine
534 2550 618 2592 more
640 2532 742 2594 lurens
765 2530 905 2612 delapsus
927 2532 963 2593 ab
986 2532 1045 2594 alto

257 2645 402 2707 Aeternus
425 2640 521 2714 calor,
544 2642 622 2704 unde
645 2641 743 2702 omnis
764 2642 908 2720 llagrabat
928 2660 1026 2716 arena,

258 2753 419 2834 Supposita
440 2760 474 2813 ut
494 2750 572 2812 silici
595 2769 737 2814 excussae
758 2751 949 2814 succenditur
971 2771 1049 2826 esca,

207 2873 240 2927 ³5
258 2863 381 2942 Duplice
404 2870 436 2924 ut
457 2860 604 2922 excruciet
626 2877 733 2940 poena.
762 2862 836 2922 .Pax
857 2862 937 2923 nulla
959 2862 1093 2935 dabatur,

257 2972 343 3034 Nulla
365 2971 451 3052 quies
472 2970 583 3032 misere
606 2970 769 3051 compulsis
791 2970 894 3034 ludere
917 2971 1019 3034 ludum

258 3081 437 3144 Continuam
459 3080 613 3153 manibus,
636 3099 715 3143 nune
736 3081 807 3142 hinc
829 3100 907 3142 nunc
929 3081 999 3143 inde
1020 3082 1139 3161 repulsa

258 3191 296 3253 Ut
315 3190 360 3252 vis
382 3208 477 3270 nsque
499 3208 605 3252 recens
628 3190 744 3252 ardoris
765 3189 884 3268 longius
906 3181 972 3251 iret'.

301 3301 385 3362 Tunc
407 3318 479 3377 ego:
502 3300 699 3380 Praeceptor,
722 3299 770 3360 cui
793 3300 839 3360 las
861 3308 908 3361 est
927 3300 1046 3362 vincere
1069 3310 1183 3374 cuncta,

207 3420 241 3472 to
257 3412 380 3474 Praeter
401 3411 541 3474 durorum
563 3409 738 3489 praecordia
762 3409 1000 3482 Daemoniorum,

259 3519 388 3598 Surgere
411 3539 486 3600 quae
509 3518 568 3580 vidi
590 3537 646 3580 nos
671 3527 773 3581 contra
795 3519 827 3580 in
848 3519 952 3581 limine
974 3530 1087 3598 portae,

260 3630 404 3704 Quisnam
428 3641 475 3692 est
495 3628 545 3690 ille
568 3629 690 3708 ingens,
713 3628 764 3709 qui
786 3647 845 3690 non
868 3647 973 3691 curare
993 3630 1111 3692 videtur

259 3740 423 3811 Flammas,
447 3746 477 3800 et
494 3738 576 3820 jacet
597 3738 758 3812 insultans,
782 3746 950 3802 transversa
972 3739 1092 3810 tuendo,

258 3849 297 3912 Ut
316 3848 392 3910 mihi
414 3848 454 3910 sit
475 3848 556 3911 visus
578 3849 711 3912 nondum
732 3848 890 3911 mitescere
912 3849 949 3911 ab
970 3845 1089 3911 imbre?

208 3969 241 4023 ab
258 3960 362 4039 lsque,
386 3958 436 4020 ubi
458 3957 624 4038 mesensit
645 3957 801 4021 scitantem
823 3977 948 4033 nomen,
970 3966 1000 4020 et
1020 3977 1093 4022 ausa

258 4070 282 4130 Α
303 4068 518 4152 doctoreaua,
542 4063 710 4130 exclamans
731 4068 805 4130 haec
825 4077 947 4148 pectore
969 4069 1059 4130 ludit:

260 4177 364 4252 Qualis
387 4194 442 4256 ego
464 4178 538 4252 visi,
561 4177 629 4240 talis
650 4186 721 4257 post
742 4177 845 4240 lunera
867 4190 979 4258 persto.

259 4281 305 4350 Si·
315 4287 430 4350 labrum
452 4289 518 4368 ipse
541 4305 626 4351 sunm
649 4287 780 4350 delassat
798 4289 958 4362 Jnaerrna,
982 4308 997 4350 a
1020 4308 1080 4369 quo

258 4398 312 4459 lna
327 4399 548 4462 excandescens
571 4397 687 4477 accepit
707 4396 819 4459 tulmen
841 4406 967 4472 acutum,

207 4525 241 4579 so
259 4508 326 4581 Quo
348 4525 396 4568 me
418 4507 570 4588 percussit
589 4517 742 4587 postremo
765 4509 1017 4587 temperemus,
