3236 5394
345 571 386 632 94
769 569 962 620 lMFllllMOllUM
979 569 1055 618 xxiv.

345 803 392 854 lto
412 792 523 863 Casus,
546 798 635 869 atque
658 789 703 850 sui
727 788 802 865 (sive
824 789 903 850 hunc
923 789 968 849 vis
991 787 1151 850 haemonis
1174 788 1229 850 atri

411 902 553 963 Detrahat
573 900 603 960 in
627 908 750 972 terram,
774 898 836 960 sive
860 898 995 959 obstruat
1016 897 1091 959 ostia
1116 897 1224 958 mentis

410 1011 546 1083 Morbus,
569 1009 701 1071 membra
723 1008 847 1086 ligans),
870 1007 921 1069 ubi
945 1007 1053 1085 surgit,
1077 1007 1188 1068 lumina
1212 1007 1324 1069 circum

411 1121 450 1182 Se
471 1119 574 1192 volvit,
598 1127 678 1180 totus
701 1116 881 1180 cruciatibus
904 1117 1098 1189 exanimatus,

410 1230 644 1309 lnspeotansque
667 1226 762 1288 oculis
785 1226 914 1306 suspiria
938 1234 1059 1306 pectore
1082 1225 1178 1300 dulcit,

344 1349 392 1402 111
411 1339 508 1413 Talis,
533 1349 564 1400 ut
585 1337 695 1401 arrexit
716 1355 798 1410 sese,
822 1336 879 1397 luit
900 1336 1054 1415 improbus
1076 1337 1136 1398 ille.

411 1449 435 1511 0
455 1449 536 1530 justa
558 1448 602 1509 ira
624 1448 693 1521 ltei,
718 1454 826 1527 quanta
849 1445 989 1524 gravitate
1012 1465 1113 1508 severa
1137 1454 1191 1518 est,

410 1559 493 1632 Quae
516 1558 561 1620 sic
581 1556 740 1618 horrendis
763 1555 835 1618 lurit
855 1554 964 1617 ictibus
986 1554 1046 1616 ulta
1069 1553 1218 1618 dolorem!

453 1668 526 1728 Tum
549 1667 608 1728 dux
629 1667 764 1728 hortatur
785 1665 857 1738 lari,
882 1664 989 1744 quibus
1011 1665 1109 1726 editus
1132 1664 1203 1737 oris,
1516 1591 1519 1770 i

411 1777 486 1850 Quis
509 1777 563 1852 sit,
586 1775 687 1838 atille
709 1775 820 1854 inquit:
844 1774 958 1836 Deduxi
981 1794 1017 1836 ex
1038 1775 1157 1836 aethere
1179 1774 1324 1836 lletrusco
1517 1775 1519 1778 ’

345 1901 392 1952 120
408 1887 512 1966 Nuper
533 1886 563 1946 in
586 1886 663 1946 hanc
685 1887 799 1946 lancem
822 1884 926 1946 diram.
971 1883 1044 1944 Mihi
1065 1883 1163 1945 vivere
1184 1883 1274 1944 vitam

409 1998 474 2058 Non
497 1995 628 2057 hominis
650 1994 776 2075 placuit,
799 1992 947 2073 pecudum
970 1993 1023 2054 sed
1044 2012 1128 2054 more
1151 1993 1289 2065 serarum,

407 2108 447 2169 ‘Ut
468 2105 565 2179 mulo,
589 2105 639 2185 qui
662 2112 692 2166 et
713 2122 804 2165 oram.
849 2105 921 2166 Sum
943 2105 1057 2164 Vannns
1079 2104 1205 2165 Faenius
1228 2102 1288 2174 ille,

408 2215 526 2290 Bellna,
549 2215 598 2276 eui
620 2214 742 2292 dignum
763 2212 874 2274 Pistori
898 2221 967 2300 nota
990 2212 1087 2274 cubile
1517 2217 1520 2262 Ι

410 2325 485 2387 Urbs
508 2325 573 2386 luit.
616 2325 716 2397 Hune,
741 2323 817 2396 dini,
841 2341 878 2384 ne
900 2341 956 2384 nos
979 2323 1020 2384 ita
1042 2323 1158 2402 linquat
1178 2322 1282 2383 inanes

342 2435 516 2496 lutherum
540 2433 712 2512 diffugiens,
736 2451 807 2506 ora,
831 2433 887 2494 dux
910 2439 997 2513 atque
1019 2433 1169 2512 magister,

408 2549 504 2624 Atque
526 2561 611 2622 roga,
635 2562 710 2623 quae
733 2561 839 2604 caussa
862 2541 941 2603 istud
965 2541 1092 2603 detrusit
1113 2542 1143 2602 in
1167 2550 1298 2616 antrum3
1518 2621 1519 2626 ἵ

408 2655 541 2733 Namque
563 2653 646 2714 illum
667 2652 736 2714 nori
758 2652 932 2714 bacchatum
955 2651 985 2712 in
1008 2651 1152 2729 sanguine
1175 2659 1205 2711 11
1226 2651 1278 2712 ira.

450 2765 513 2825 Nec
533 2771 649 2836 tamen,
672 2762 782 2823 auditis
804 2761 887 2834 istis,
911 2760 1068 2835 simulare,
1092 2761 1199 2822 sedin
1222 2779 1270 2821 me

409 2873 510 2952 Osque
532 2871 722 2951 animumque
744 2891 835 2932 suum*
853 2871 1023 2932 damnatum
1044 2879 1160 2933 vertere
1181 2871 1251 2943 vidi,
1515 2900 1518 2978 p

343 2996 391 3048 tao
407 2982 502 3063 Atque
524 2980 612 3043 simul
633 2990 728 3042 totum
750 2980 829 3042 tristi
853 2980 1008 3043 erubuisse
1032 2979 1141 3041 colore.

451 3093 537 3165 Quod
560 3110 607 3153 me
629 3091 789 3171 deprendis
811 3109 974 3170 poenarum
996 3090 1109 3151 vortice
1132 3098 1213 3152 tauto
1514 2981 1518 3244 Ι

407 3203 550 3275 Marsum,
573 3210 605 3262 ut
627 3201 742 3279 etipse
764 3200 862 3274 videa,
886 3200 1003 3278 gravior
1023 3218 1071 3262 me
1094 3217 1163 3260 oura
1185 3200 1344 3273 remordet,
1515 3248 1517 3293 ἱ

407 3311 520 3390 lnquit,
544 3329 632 3390 quam
654 3327 720 3370 cum
742 3329 790 3370 me
813 3309 930 3390 superis
952 3323 1033 3370 mors
1055 3309 1177 3370 abstulit
1198 3309 1270 3370 oris.
1515 3300 1517 3347 t

408 3420 495 3493 Quod
517 3419 611 3499 petis,
635 3421 766 3482 abnuere
787 3421 866 3480 haud
888 3437 1022 3498 possum.
1066 3420 1139 3481 Tam
1160 3419 1294 3499 proxima
1317 3425 1417 3481 centro

343 3536 390 3589 1³5
406 3531 487 3590 llaec
507 3549 556 3591 me
577 3530 664 3607 bulga
687 3536 781 3602 tenet,
806 3529 884 3608 quod
908 3530 1008 3590 furtim
1031 3549 1065 3590 ex
1087 3530 1160 3592 aede
1182 3537 1297 3592 sacrata

408 3639 544 3719 Surripui
567 3647 736 3718 argentum,
759 3640 942 3718 gemmisque
964 3640 1090 3718 rigentia
1112 3659 1198 3713 vasa3

408 3750 506 3823 Quare
529 3749 604 3810 alius
627 3759 761 3810 nostrum
783 3749 813 3809 in
835 3749 949 3810 crimen
971 3749 1035 3811 sine
1058 3749 1182 3810 crimine
1204 3749 1293 3811 veuit.

408 3859 467 3920 Sed
488 3877 525 3920 ne
548 3859 687 3937 gaudenti
708 3859 797 3920 liceat
817 3859 872 3919 tibi
895 3865 995 3920 nostra
1019 3859 1094 3920 tueri

408 3968 482 4041 Ora,
505 3968 557 4030 ubi
579 3969 624 4029 las
646 3987 775 4048 unquam
797 3968 851 4030 tibi
875 3969 915 4030 sit
935 3969 1000 4029 loca
1022 3967 1158 4048 linquere
1181 3969 1273 4048 nigre,
1369 4017 1371 4024 ,

342 4090 390 4142 lto
408 4077 491 4150 Quae
512 4079 602 4139 modo
624 4078 780 4158 praedico,
803 4079 945 4141 reseratis
968 4078 1089 4139 auribus
1112 4078 1197 4139 audi:

406 4187 517 4248 Pistori
538 4187 666 4267 primum
690 4197 879 4250 macrascunt
899 4189 1009 4269 oppida
1031 4189 1133 4260 Nnnas,
1214 4178 1219 4183 ’

407 4297 483 4358 Dein
504 4306 627 4359 renovat
648 4305 764 4376 gentes,
788 4307 911 4360 renovat
931 4297 1080 4359 Florentia
1101 4316 1215 4360 mores:

408 4407 503 4485 Atque
525 4425 561 4468 cn
581 4406 657 4468 valle
677 4427 771 4487 vapor
790 4408 906 4482 Macra,
928 4408 1058 4480 Mavorte
1081 4407 1224 4481 trahente,

407 4515 522 4596 ingruit
542 4516 684 4597 obseptus
706 4517 816 4578 nimbis
839 4526 869 4579 et
889 4517 1018 4579 nubibus
1040 4518 1123 4580 atris.
