3362 5414
544 1702 1167 1826 PRAEFATIO.

683 1993 1023 2004 tamn—-

330 2166 414 2294 aui
448 2225 563 2274 omnes
599 2214 735 2276 conatus
762 2204 863 2278 divini
889 2205 1045 2277 carminis
1066 2207 1100 2277 in
1122 2203 1217 2276 aliam
1232 2204 1379 2300 linguam
1399 2229 1470 2276 ver·

226 2320 318 2391 tendi
352 2319 464 2393 irritos
498 2345 572 2394 esse
607 2320 743 2414 dixerit,
780 2322 811 2395 ei
847 2323 933 2395 haud
961 2323 1146 2421 spernenda
1172 2333 1365 2418 argumenta
1399 2325 1469 2422 ipse

228 2438 423 2511 comoediae
460 2449 575 2512 auctor
615 2440 721 2537 possit
759 2443 981 2540 suppeditare.
1055 2440 1111 2513 Ait
1146 2441 1234 2513 enirn
1270 2441 1394 2514 Dentes
1434 2442 1470 2513 in

221 2538 331 2652 fibro,
359 2557 412 2629 uui
439 2557 553 2632 titulus
579 2568 630 2630 est
656 2558 905 2633 Conuiuium
931 2559 973 2653 (l,
1000 2561 1073 2656 7.):

328 2675 457 2774 Sappiu
490 2677 665 2764 ciascuno,
709 2678 767 2752 che
799 2679 894 2754 nullu
928 2702 1005 2751 cosa
1041 2703 1105 2776 per
1138 2677 1261 2772 tepente
1293 2677 1467 2774 musico*)

277 2795 505 2868 armonizznta
530 2795 561 2868 si
588 2797 658 2894 pat
693 2796 782 2868 delta
814 2822 876 2870 aaa
910 2796 1042 2896 loptrela
1073 2795 1110 2868 in
1142 2775 1231 2868 altri
1265 2803 1468 2868 trasmittere

277 2938 379 2988 senza
405 2939 555 3012 rumpere
581 2923 670 2986 tuna
696 2940 759 2987 aaa
785 2915 941 2990 dolcerzn
967 2941 985 2988 e
1018 2915 1178 2987 armonia.
1237 2913 1270 2988 Ε
1301 2923 1418 3012 queste
1450 2913 1468 2984 ὲ

276 3033 316 3104 ln'
336 3032 472 3130 rapione
494 3057 559 3130 per
585 3031 644 3104 che
672 3031 791 3107 Omero
824 3059 890 3108 non
916 3034 947 3107 si
971 3035 1062 3106 matti
1089 3033 1125 3105 di
1159 3057 1257 3130 preco
1289 3033 1325 3106 in
1351 3031 1466 3118 latino,

277 3173 366 3223 come
393 3149 505 3222 l'altre
532 3151 692 3224 scritture
726 3152 785 3225 che
812 3177 923 3226 avemo
950 3153 994 3224 dn
1020 3150 1181 3252 loro**);
1208 3159 1367 3248 equestri
1394 3149 1468 3222 rita

275 3269 412 3367 sapione
433 3293 498 3370 per
524 3267 582 3340 ote
608 3267 622 3340 i
646 3272 737 3343 verri
763 3271 818 3343 det
842 3271 996 3344 Pseltern
1022 3295 1101 3343 sono
1127 3294 1229 3343 senza
1255 3269 1410 3341 dutcezza
1431 3267 1468 3340 di

274 3387 403 3463 marine
429 3411 446 3458 e
474 3386 675 3476 damonia,
713 3388 770 3459 cte*
804 3389 872 3460 essi
902 3391 1024 3488 farone
1051 3389 1244 3459 trermutati
1276 3385 1405 3458 d'ebreu
1430 3385 1467 3456 in

274 3530 391 3602 preco,
426 3531 443 3578 e
477 3506 513 3577 di
543 3530 641 3601 preco
674 3507 710 3577 in
735 3505 857 3592 latino,
892 3530 910 3577 e
942 3505 1033 3578 nella
1061 3505 1174 3603 prime
1206 3505 1466 3576 trasmutnzinne

275 3632 363 3697 tutta
388 3623 500 3721 puelle
526 3623 682 3696 doleezza
706 3649 809 3697 venne
834 3649 938 3697 meno.

325 3743 362 3816 Si
395 3766 473 3814 reru
506 3741 623 3840 negari
655 3743 788 3840 nequit,
825 3767 978 3840 magnam
1010 3741 1178 3816 suavitatis
1212 3741 1299 3816 iilius
1325 3749 1464 3838 purtem,

223 3886 307 3962 quae
333 3862 366 3933 in
396 3862 597 3938 carminibus
615 3861 787 3936 audiendis
801 3886 864 3935 nos
878 3861 1012 3956 mulcet,
1039 3861 1267 3934 transferendo
1286 3859 1463 3958 exstingui,

291 4095 316 4160 ⁴¹)
334 4097 368 4148 ita
387 4115 431 4164 pro
448 4101 560 4160 musaico,
579 4099 644 4163 quod
663 4101 735 4149 estin
755 4099 839 4160 editis,
864 4099 893 4150 nd
911 4099 1034 4163 sequeutia
1054 4097 1171 4158 (anteesse
1188 4101 1213 4149 di
1228 4101 1317 4149 musica
1334 4113 1346 4148 e
1364 4099 1463 4148 ri’unno-

221 4182 272 4244 niu)
298 4184 455 4247 respicientes
481 4183 623 4247 jamdudum
654 4185 810 4234 correximus.
857 4182 1085 4245 Simittiurs·enim,
1112 4185 1133 4234 si
1157 4185 1331 4244 desiderantur,
1354 4183 1462 4247 exemplu

222 4269 333 4332 teguntur
344 4269 366 4320 iu
379 4269 489 4334 epistula,
500 4283 561 4333 quae
572 4269 696 4320 Hilario
716 4270 833 4320 monachu
845 4269 918 4318 tribui
935 4268 1010 4318 sutet:
1029 4283 1159 4329 „sermons
1178 4269 1265 4331 vulgari
1338 4283 1387 4318 non
1402 4268 1462 4320 sim·

220 4352 286 4416 plici,
304 4353 346 4403 sed
365 4353 478 4406 musteo.“
502 4355 563 4404 Sunt
580 4353 685 4419 quidem,
710 4355 749 4418 qni
768 4370 848 4406 rocem
866 4356 967 4406 musaico
986 4368 1030 4417 pro
1049 4354 1163 4416 adjectivo
1181 4371 1194 4404 a
1211 4355 1284 4404 nasis
1300 4353 1403 4402 derivato
1420 4368 1462 4402 ae-

213 4437 301 4502 'eipere
316 4437 424 4500 jubeant,
441 4437 485 4488 sed
495 4439 641 4500 auctoribus,
660 4439 723 4503 apud
742 4453 802 4503 quus
820 4448 873 4488 eam
891 4439 939 4488 troc
954 4451 1027 4489 sensu
1045 4438 1157 4503 usurpari
1175 4445 1275 4501 constet,
1294 4437 1462 4489 destituuntur.

213 4567 232 4590 -,
287 4537 328 4598 *ἢ
338 4540 396 4590 Puta
414 4555 427 4590 ι
444 4540 550 4592 Graecis.
