3234 5396
334 505 397 568 255
748 509 928 560 5555555511
946 511 1047 560 xxxrn.

400 723 446 788 'l'u
468 726 562 806 signa,
585 733 616 788 et
638 727 740 806 quales
761 745 842 790 nune
863 728 947 790 mitte
970 735 1150 808 expectere
1172 747 1271 802 voees,

348 851 383 906 tt
400 837 488 900 Tales
510 837 557 899 155
579 837 689 900 doceas
711 837 760 917 qui
785 837 915 916 gaudent
936 855 1060 899 munera
1081 839 1167 913 vitae,

401 949 484 1022 Quae
506 965 596 1009 cursu
617 946 677 1008 mit
697 947 727 1008 in
750 947 849 1009 funus.
894 945 961 1008 'l'ibi
982 955 1081 1009 mente
1103 957 1258 1028 repostum

398 1058 432 1120 ld
453 1063 577 1130 maneat
601 1055 689 1118 simul
710 1056 837 1135 incipies
859 1056 935 1119 haec
955 1057 1072 1120 tradere
1094 1059 1224 1138 seriptis,

399 1169 463 1230 Nec
483 1175 592 1240 taceas,
615 1166 731 1246 qualem
753 1164 852 1228 vidisti
875 1181 997 1244 surgere
1020 1167 1160 1247 plantam,

401 1279 482 1352 Quae
505 1293 584 1340 nunc
606 1275 737 1338 estillic
759 1273 869 1354 duplici
891 1276 1018 1356 expilata
1040 1277 1155 1357 rapina.
1243 1317 1248 1330 ·

348 1396 383 1450 50
400 1387 586 1467 Quicumque
607 1385 684 1447 hanc
707 1384 783 1446 ausit
804 1384 943 1465 spoliare,
967 1393 1017 1447 aut
1039 1387 1177 1449 scindere
1198 1389 1337 1468 plantam,

399 1498 458 1560 lete
479 1497 572 1558 Ileum
594 1493 691 1566 laedit,
714 1513 769 1555 ceu
791 1512 824 1556 re
847 1494 1031 1557 maledixerit
1052 1497 1111 1572 illi3

397 1607 530 1686 Namque
552 1604 601 1666 ille
623 1603 700 1664 hanc
721 1611 853 1665 sanctam
876 1601 932 1664 sihi
956 1605 1013 1666 5511
1034 1606 1093 1668 rite
1115 1607 1235 1669 creavit.

399 1716 482 1778 llanc
503 1715 572 1794 quia
595 1713 742 1794 polluerat
761 1731 873 1784 morsu,
896 1731 1033 1776 moerore
1052 1733 1160 1794 peresa

398 1831 440 1889 dc
462 1819 622 1891 desiderio.
645 1841 700 1902 per
721 1822 813 1884 millia
835 1821 979 1901 pluraque
1001 1824 1104 1898 lustra,

348 1947 382 2002 55
401 1937 483 2010 Quae
504 1935 588 2015 prior
608 1933 754 1994 humanos
777 1931 873 1994 anima
896 1940 940 1994 est
962 1933 1061 1996 inlusa
1083 1951 1138 2014 per
1158 1942 1249 2008 artus,

400 2046 518 2128 Optavit
538 2043 662 2124 proprio
685 2042 735 2121 qui
757 2048 804 2102 est
823 2041 903 2102 ultus
925 2043 1068 2120 sanguine
1090 2061 1234 2106 morsum.

441 2157 524 2218 11555
546 2162 595 2216 tua
618 2151 765 2224 dormitat,
789 2149 814 2212 51
837 2167 896 2212 555
919 2158 1003 2230 putat
1025 2170 1093 2214 esse
1116 2153 1275 2226 latendum,

398 2267 561 2345 Praecipua
583 2263 648 2324 fieri
672 2279 785 2327 caussa.
808 2271 841 2321 ut
862 2279 896 2322 se
917 2261 1001 2324 tollat
1023 2262 1054 2322 in
1076 2263 1176 2336 altum,

399 2379 516 2440 Ellam
539 2374 656 2435 diverso
679 2389 712 2432 se
735 2371 867 2433 edundat
887 2372 998 2433 vertice
1019 2373 1129 2451 planta.

349 2491 383 2542 tlt
399 2488 436 2548 Et
456 2485 518 2556 tibi,
542 2502 618 2564 quae
639 2500 729 2544 vanae
753 2479 910 2558 cingebant
930 2489 1054 2560 pectora
1077 2501 1174 2555 curae,

400 2597 432 2660 Si
454 2597 552 2658 minus
574 2594 715 2654 humores
737 2591 806 2652 Elsa
829 2591 865 2652 de
888 2592 971 2652 lente
993 2593 1129 2666 luissent,

399 2707 437 2768 Et
458 2721 533 2786 quae
555 2701 711 2783 spectabas
732 2701 802 2762 hinc
823 2701 929 2782 gaudia
948 2701 1091 2781 Pyramus
1114 2702 1213 2763 album

399 2816 590 2885 Admorunt,
613 2831 662 2874 res
685 2811 723 2872 cb
746 2818 852 2883 tantas,
876 2818 920 2871 tot
940 2819 1074 2889 tempora
1098 2829 1198 2872 rerum

399 2925 511 2988 Saltem
534 2921 604 3003 quid
625 2922 719 2983 valeat
739 2921 819 2982 Deus
839 2921 927 2993 ultor,
951 2920 987 2981 ab
1010 2921 1116 2982 arbore
1139 2922 1258 2999 quisses

348 3043 381 3096 55
397 3035 520 3097 Discere
541 3039 640 3094 mente
661 3041 721 3104 tua,
744 3037 775 3091 'et
795 3030 927 3110 propriis
950 3048 1123 3093 succurrere
1145 3031 1244 3093 rebus.

397 3145 457 3209 Sed
480 3143 619 3224 quoniam
639 3141 726 3204 video
748 3149 778 3201 te
801 3159 886 3202 saxea
910 3142 1000 3202 cerda
1023 3149 1183 3218 gerentem,

397 3255 435 3317 Et
457 3254 553 3333 culpis
576 3253 736 3324 contincta,
758 3251 818 3312 mei
839 3258 872 3312 ut
894 3251 948 3312 tihi
970 3250 1081 3312 lumina
1104 3250 1175 3312 dieti

397 3363 600 3440 Perstringant
623 3363 736 3434 555155,
759 3370 797 3433 te,
821 3361 967 3422 siminus
990 3361 1066 3422 edita
1088 3361 1217 3440 scriptis,

397 3474 523 3536 Pectore
545 3473 623 3534 serre
645 3480 743 3532 tamen
763 3471 855 3551 jubeo
877 3471 951 3532 haec
974 3469 1027 3532 tibi
1049 3471 1148 3532 inusta
1169 3471 1328 3549 profundo,

347 3585 479 3646 7511555
500 3583 556 3643 viri
576 3581 674 3662 palma
694 3581 899 3660 praecinctum
919 3580 1029 3641 hostile
1051 3579 1191 3658 gerentis.

440 3693 525 3755 Tunc
547 3710 618 3770 ego:
642 3692 678 3752 Ut
698 3691 876 3770 impressam
898 3690 1024 3750 formam
1045 3708 1113 3751 cera
1135 3699 1201 3769 apta
1224 3690 1321 3769 sigillo

397 3805 481 3867 Haud
504 3820 634 3882 uuquam
656 3801 798 3874 immutat,
821 3801 894 3862 mihi
917 3809 995 3862 stant
1016 3801 1104 3862 infixa
1126 3800 1259 3873 cerebro,

399 3915 480 3988 Quae
502 3912 591 3974 modo
615 3912 746 3990 signasti.
790 3913 827 3972 At
849 3911 986 3990 quianam
1009 3911 1137 3973 sublime
1157 3911 1255 3972 volatu

397 4025 498 4103 Usque
520 4023 594 4086 adeo
616 4029 666 4084 tua
686 4021 775 4083 verba
797 4028 900 4100 petunt
923 4027 1030 4100 optata,
1055 4021 1194 4100 sequacis

348 4137 381 4191 75
397 4134 433 4194 111
455 4133 553 4194 lumen
575 4132 656 4193 visus
678 4139 758 4193 tante
781 4133 880 4192 minus
903 4131 974 4192 utile
995 4127 1144 4192 reddant?

439 4242 491 4305 1115
512 4243 601 4304 mihi:
628 4243 664 4304 Ut
685 4242 792 4314 diseas,
810 4241 901 4320 'queis
924 4240 967 4301 sis
989 4241 1161 4320 auctoribus
1184 4259 1257 4301 usus

396 4355 491 4432 Atque
514 4353 626 4427 schola,
649 4370 684 4415 ac
704 4352 814 4424 videas,
838 4355 888 4430 qui
909 4351 1009 4431 possit
1029 4350 1098 4412 talia
1121 4351 1229 4413 sautem

396 4461 479 4523 lllius
500 4460 634 4525 doctrina
656 4463 759 4542 sequi3
782 4480 816 4523 ac
837 4460 892 4528 tibi
913 4478 1041 4522 noscere
1063 4461 1150 4521 detur
