3236 5394
918 486 1043 496 -ιι-

357 545 398 610 8⁰
786 541 979 592 rurnnuonuu
997 542 1053 592 uxr.

422 765 560 845 Unquam
580 771 641 826 tam
661 761 765 842 rapido
788 759 862 822 turis
883 760 1006 839 vestigia
1029 781 1117 825 eursu

371 884 404 938 tu
421 874 543 937 Pressit.
585 873 614 934 ls
636 879 666 933 et
685 869 790 932 mersit
810 887 892 942 sese,
914 879 1004 950 atqua
1025 871 1181 934 humerum
1203 874 1306 936 extulit
1327 874 1413 950 inde;

422 984 539 1064 Quique
560 983 661 1044 hostes
683 979 761 1060 nigri
781 979 900 1042 stabant
920 979 975 1042 sub
997 999 1071 1060 rupa
1092 981 1227 1056 latentes,
1246 993 1248 1000 “

421 1093 606 1156 Clamarunt:
628 1089 676 1152 Nil
697 1088 747 1151 hio
768 1089 857 1151 Divae
879 1089 950 1150 iacit
971 1088 1073 1151 inclita
1093 1090 1207 1170 imago;

421 1201 477 1264 Hie
498 1202 583 1264 aliter
603 1199 733 1262 nandum
755 1207 816 1271 est,
839 1217 928 1278 quam
948 1198 999 1260 ubi
1021 1197 1110 1278 friget
1131 1201 1281 1264 Sancnnus
1304 1203 1395 1266 unda:

420 1311 458 1373 Et
478 1310 537 1372 nisi
558 1309 602 1372 vis
624 1308 735 1372 nosuis
757 1308 882 1370 laniatos
904 1307 1052 1386 unpribus
1073 1317 1155 1372 artus

371 1423 404 1478 50
420 1421 525 1493 Ferre,
548 1419 716 1500 superiecta
737 1418 804 1498 pice
826 1416 930 1480 desine
950 1417 1025 1480 velle
1046 1417 1159 1480 levatus

420 1530 490 1593 Plus
512 1547 607 1610 aequo
629 1527 767 1590 eduxisse
788 1534 885 1606 eaput.
928 1526 1002 1589 liein
1025 1526 1155 1590 millibus
1178 1530 1262 1592 unois

419 1639 578 1720 arripuere
600 1637 688 1699 simul
708 1636 862 1709 miserum,
887 1636 932 1698 sio
953 1655 1005 1698 ore
1026 1636 1132 1699 loeuti:

419 1749 476 1810 Hie
496 1756 526 1810 te
547 1747 734 1810 submersum
755 1745 786 1807 in
808 1764 962 1808 numerum
980 1747 1042 1827 jam
1064 1746 1166 1810 ludere
1189 1757 1314 1828 oportet,

419 1859 516 1920 Laeva
536 1865 569 1919 ut
590 1855 694 1918 furtive
716 1855 828 1929 utaris,
851 1855 877 1916 si
900 1856 986 1936 eopia
1008 1855 1103 1918 detur.
1511 1890 1514 1973 Ι

369 1973 402 2028 55
419 1969 485 2030 Non
506 1967 592 2030 aliter
614 1966 752 2028 famulata
773 1965 877 2046 coquis
899 1965 985 2046 plebs
1006 1977 1094 2027 unota
1112 1965 1234 2046 jubetur

419 2076 510 2140 Unois
531 2083 679 2138 exstantes
701 2094 807 2138 earnes
828 2075 999 2154 demergere
1021 2075 1127 2138 aheno.

461 2186 598 2267 Optimus
620 2194 650 2249 at
671 2186 790 2248 ductor:
814 2185 857 2246 Ne
879 2184 946 2265 quis
968 2191 1000 2245 te
1019 2184 1151 2248 advertat
1171 2185 1286 2259 adesse,

419 2296 532 2376 lnquit,
555 2303 625 2386 post
646 2295 816 2374 scopulum,
840 2293 918 2356 uude
941 2293 1052 2374 aliquid
1074 2313 1195 2374 sperare
1215 2294 1318 2358 latenti

419 2405 565 2468 Praesidii
586 2405 699 2485 possis,
719 2405 821 2485 jaceas
843 2404 1018 2484 depressus,
1042 2412 1072 2466 et
1092 2423 1222 2484 unquam

369 2525 402 2576 uu
418 2516 461 2577 Ne
485 2515 603 2589 timeas,
627 2514 777 2594 quidquid
792 2514 866 2575 mihi
890 2513 973 2588 triste
994 2533 1100 2594 parare
1120 2514 1236 2578 videbis

418 2625 600 2700 Daemonas3
622 2624 696 2686 haee
718 2624 791 2686 alias
813 2623 923 2685 etenim
944 2623 1018 2686 mihi
1041 2632 1108 2685 nota
1130 2625 1213 2686 fuere

418 2735 546 2814 Experto
567 2734 645 2796 hane
666 2752 804 2813 pugnam.
848 2733 960 2796 Deinde
982 2733 1122 2795 ulteriora
1144 2733 1249 2813 petivit

417 2843 538 2916 Pontis,
561 2851 591 2904 et
612 2851 644 2904 ut
665 2853 764 2906 sextae
785 2843 882 2922 tetigit
903 2843 1032 2906 eontinia
1053 2842 1136 2923 ripae
1307 2823 1309 2828 ⁵

417 2953 527 3026 Labra,
550 2953 658 3016 animis
680 2971 755 3032 opus
777 2952 847 3015 huie
868 2952 924 3015 init
944 2953 1002 3024 uti,
1026 2961 1056 3014 et
1077 2954 1173 3040 froude
1196 2953 1340 3015 minarum

368 3069 401 3124 65
419 3063 538 3125 Secura.
583 3063 717 3136 Quantus
739 3064 822 3124 furor
842 3071 940 3140 urget,
964 3071 1073 3142 quanta
1094 3062 1225 3142 procella

417 3173 531 3234 Irarum
552 3172 654 3234 rabida
676 3192 728 3234 ora
750 3191 856 3235 eanum
877 3172 970 3252 rapit,
994 3172 1110 3251 agmina
1132 3174 1220 3246 sacto,
1594 3167 1595 3182 ¹

417 3282 564 3345 Adversus
587 3290 728 3355 stantem,
752 3283 851 3344 subito
873 3301 962 3362 quem
982 3300 1108 3363 posuere
1130 3290 1246 3361 egestas

416 3391 557 3454 Hortatur
577 3411 699 3472 panem:
721 3401 821 3454 tantus
843 3392 898 3474 sup
919 3399 1009 3472 ponte
1031 3393 1162 3455 latentes·

416 3502 547 3582 Impetus
568 3519 706 3580 egressus
728 3503 868 3564 custodes
890 3501 950 3580 egit
970 3501 1001 3564 in
1023 3501 1115 3575 ilium,

367 3613 400 3674 '70
415 3611 551 3691 Undique
573 3611 803 3692 circumseptum
825 3611 930 3685 armis
954 3619 1042 3692 atque
1064 3611 1201 3676 omnibus
1223 3611 1322 3685 uneis3
1512 3607 1514 3625 ⁸

417 3720 509 3794 Queis
531 3720 573 3782 ait
593 3720 770 3783 inclamans:
793 3722 835 3783 De
857 3721 963 3783 vestris
985 3740 1072 3783 rremo
1095 3721 1135 3782 sit
1155 3740 1233 3792 acer,

415 3830 509 3910 Atque
531 3830 614 3909 prius
636 3831 764 3892 nostros*
779 3850 867 3911 quam
889 3838 986 3892 vester
1007 3831 1121 3911 ceperit
1142 3841 1222 3892 artus

415 3939 527 4014 Uncus,
551 3940 588 4002 de
609 3940 716 4002 vestris
738 3959 839 4002 eoram
860 3959 927 4003 sese
949 3942 1052 4002 efferat
1073 3959 1166 4014 unus3
1513 3996 1514 4024 p

413 4049 456 4110 Ae
478 4049 503 4110 si
526 4057 625 4111 tantus
646 4068 730 4111 amor
750 4051 893 4113 caedendi
915 4058 975 4124 est,
997 4059 1059 4113 tum
1081 4058 1159 4112 rotet
1180 4067 1270 4111 arma.
1512 4025 1514 4105 ἶ

365 4163 398 4218 75
414 4157 583 4250 Clamavere
605 4159 692 4220 simul
714 4161 828 4222 cuncti:
851 4159 1020 4222 Malaeauda
1041 4157 1234 4240 propinquet!

416 4267 514 4340 Quare
535 4287 612 4330 unus
634 4268 739 4356 subiit,x
763 4271 833 4331 dum
855 4270 989 4332 constitit
1010 4271 1101 4332 altera
1123 4269 1218 4343 turba,

413 4375 647 4458 Minoiademque
670 4379 790 4452 adiens,
813 4379 962 4452 Quidnam
982 4381 1053 4442 velit
1073 4375 1162 4460 ipse?
1183 4380 1305 4458 rogavit.

414 4484 504 4559 Num,
526 4486 710 4562 Malaeauda,
733 4496 821 4568 putas
842 4490 901 4551 hue
921 4508 970 4551 me
991 4489 1126 4563 venisse,
1149 4523 1191 4536 -
1213 4487 1345 4568 loquelas
1366 4544 1371 4552 ,

912 4588 1515 4702 -ss-„uj
