3362 5414
724 597 897 650 Plibbll'b'lll).
1412 619 1442 663 Ιχ

196 785 276 858 dere
309 785 418 858 conati
453 793 552 877 sunt,
584 783 672 882 qued
705 793 837 880 praeter
863 781 1078 854 Germanicos
1115 807 1133 854 a
1159 786 1292 856 nemine
1325 807 1442 856 ausum
1501 843 1504 849 r

197 927 272 976 esse
298 915 390 1000 puto,
417 927 489 976 eam
515 901 795 976 insimulationem
821 901 873 972 vix
899 910 933 973 et
958 925 1000 972 ne
1034 900 1086 972 vix
1111 901 1244 998 quidem
1272 903 1442 998 elirrgient,

198 1046 234 1095 se
261 1047 329 1094 non
356 1023 519 1095 modicam
546 1021 762 1094 dicendorum
788 1030 914 1117 partem
941 1019 1065 1091 formae
1091 1019 1201 1092 studio
1227 1021 1442 1094 concessisse.

198 1140 263 1224 Qui
289 1165 367 1213 vero
394 1165 412 1213 a
439 1141 538 1213 simili
572 1163 726 1212 versuum
758 1137 863 1210 exitu.
880 1137 931 1208 vel
956 1159 1094 1234 prorsus
1120 1137 1304 1232 abstinent,
1329 1139 1380 1212 vel
1408 1149 1445 1211 ut

198 1258 367 1358 parciores
394 1258 428 1332 in
447 1283 487 1330 eo
515 1258 582 1332 sint
606 1259 707 1330 licere
733 1265 861 1354 putant,
889 1255 930 1327 ad
956 1256 1097 1329 solutam
1122 1257 1233 1353 potius
1259 1259 1443 1331 oraticnem

200 1376 357 1450 accedere
383 1377 547 1471 videntur,
574 1401 672 1474 quam
706 1376 747 1448 ad
772 1398 903 1448 versum
929 1375 1111 1447 ternarium
1144 1375 1279 1448 [livinae
1306 1376 1443 1450 Comoe-

201 1496 274 1569 diae
301 1496 502 1589 solemnem,
528 1496 579 1567 vel
604 1537 656 1548 -
682 1494 770 1591 quod
796 1493 973 1590 praecipue
1000 1494 1034 1566 in
1062 1492 1195 1565 Gallicis
1222 1493 1443 1588 versionibus,

199 1614 432 1707 Alexandrino,
460 1638 558 1710 quem
584 1623 713 1705 vocant,
740 1635 837 1684 versu
861 1611 1101 1706 constantibus,
1127 1636 1189 1684 nos
1223 1613 1359 1686 ollendit
1393 1657 1445 1668 -

201 1733 385 1806 orationem
411 1733 507 1805 aliter
533 1732 690 1806 exhibent
715 1731 874 1844 incisam,
902 1755 1000 1828 quom
1027 1731 1060 1802 in
1088 1729 1173 1828 ipse,
1200 1732 1287 1829 quod
1313 1733 1444 1806 imitan-

203 1852 282 1925 dum
308 1851 371 1923 sibi
391 1861 649 1949 proposuerunt,
672 1849 828 1922 carmine.

302 1969 374 2041 Alia
399 1969 548 2066 prolecto
576 1980 627 2042 est
652 1967 735 2041 ratio
750 1966 859 2040 Latini
883 1967 1059 2060 sermonis,
1085 1966 1232 2064 proxima
1250 1968 1445 2064 cognatione

204 2112 280 2162 eum
304 2087 429 2179 ltalico,
456 2098 490 2160 et
515 2089 655 2161 maxime
683 2087 816 2184 quidem
844 2108 919 2158 curn
945 2085 1000 2157 ille
1020 2085 1216 2185 antiquiore,
1238 2111 1303 2184 qno
1322 2086 1446 2159 Dentes

203 2232 286 2282 usus
312 2217 374 2300 est,
402 2206 582 2302 conjuncti,
609 2205 704 2303 eujus
733 2229 847 2277 versus
866 2189 1066 2298 hexameter,
1089 2203 1158 2301 jam
1176 2206 1262 2302 apud
1279 2205 1446 2278 Romanos

202 2325 436 2424 prolixioribus
471 2326 647 2422 cujuslibet
679 2321 864 2420 argumenti
898 2322 1100 2396 carminibus
1132 2323 1306 2422 proprius,
1348 2325 1448 2398 etiam

204 2445 383 2518 altissimae
408 2444 494 2516 sacri
521 2443 676 2516 carminis
693 2443 786 2548 poesi
802 2466 876 2515 sese
893 2443 1128 2515 accommodat.
1179 2443 1244 2539 lpsi
1264 2443 1447 2540 Alligberie

203 2561 376 2636 heroicum
401 2587 534 2636 versum
561 2563 602 2635 ad
628 2561 846 2659 explanandas
862 2559 999 2633 Divinae
1015 2560 1212 2633 Comoedias
1240 2586 1355 2658 graves
1373 2587 1448 2636 sen·

203 2683 326 2756 tentias
352 2691 463 2783 aptum
490 2705 564 2754 esse
589 2681 708 2773 visum,
735 2681 834 2754 fidem
860 2680 970 2753 facere
989 2678 1154 2773 videntur,
1175 2705 1258 2779 quae
1279 2681 1320 2753 de
1340 2684 1447 2780 primo

205 2812 239 2874 et
265 2826 341 2874 mox
357 2811 481 2873 mutato
501 2799 572 2896 ejus
596 2801 734 2874 consilio
751 2798 868 2873 Latine
883 2799 1050 2872 scribendi
1067 2799 1218 2873 referunt
1236 2809 1388 2872 auctores
1399 2801 1448 2898 ἢ.

204 2921 364 3017 Legimus
383 2919 472 2993 enim
490 2919 525 2990 in
544 2919 694 3016 epistola,
718 2943 815 3017 quarn
832 2917 1043 2991 Hilarium
1065 2920 1264 2992 monachum
1279 2917 1449 3015 Huguc·

206 3040 322 3113 cioni
348 3037 576 3110 Fasielane
604 3037 777 3135 scripsisse
805 3035 1002 3134 volunt⁹*):

360 3156 470 3241 Quum
497 3156 701 3229 exhibuisset
728 3154 897 3251 (Dentes),
926 3159 1118 3254 quemme)
1144 3156 1292 3231 libellum
1319 3178 1380 3249 ego
1415 3156 1448 3228 in

311 3299 350 3372 gr
408 3275 475 3347 ‘um
502 3286 671 3371 gratanter
697 3274 827 3371 accepi,
855 3275 989 3370 aperui,
1024 3285 1057 3348 ct
1088 3275 1122 3349 in
1160 3276 1231 3372 ejus
1263 3275 1451 3373 praesentia

194 3407 200 3412 '
312 3421 353 3469 oc
461 3418 536 3466 cum
569 3393 742 3466 allectione
778 3392 887 3465 defixi.
956 3393 1131 3492 Quumqrre
1171 3396 1270 3468 verba
1304 3392 1451 3486 vulgaria

310 3513 554 3614 percepissem,
589 3521 623 3584 et
656 3511 898 3609 quedammodo
932 3535 985 3584 me
1019 3535 1072 3583 me
1099 3513 1253 3586 admirari
1297 3518 1451 3592 estende-

312 3658 403 3726 rem,
431 3631 650 3704 cunctationis
677 3655 769 3704 meae
804 3653 955 3702 caussam
980 3631 1104 3729 petivit.
1169 3633 1230 3706 Cui
1266 3661 1319 3708 me
1352 3661 1453 3735 super

311 3752 466 3852 qualitate
493 3751 656 3823 sermonis
693 3748 848 3822 admirari
881 3749 1056 3846 respondi:
1091 3761 1162 3823 tum
1196 3754 1272 3851 qaia
1306 3755 1452 3851 difficile,

311 3873 378 3945 imo
406 3869 606 3966 inopinabile
631 3869 773 3961 videtur,
786 3867 1004 3941 intentionem
1031 3863 1097 3942 tarn
1122 3871 1258 3944 arduam
1275 3875 1455 3972 vulgariter

313 3989 452 4086 exprimi
484 3988 651 4085 potuisse,
687 3997 758 4060 tum
792 3987 868 4085 quia
901 3987 1138 4063 inconveniens
1172 3992 1342 4067 videbatur
1376 4021 1454 4069 con·

211 4131 612 4150 ,W

276 4208 302 4272 *t
321 4210 429 4274 thuas
447 4208 477 4258 do
495 4208 540 4256 bae
557 4208 697 4271 quaestione
715 4208 860 4268 intransitu,
878 4207 921 4258 sed
939 4207 1017 4271 docte,
1035 4209 1127 4259 monuit
1144 4209 1231 4264 illustr.
1248 4213 1384 4266 vicecomes
1400 4216 1454 4266 Ce-

210 4297 337 4346 lnmbus
355 4293 546 4344 Batinensis
565 4293 589 4342 in
606 4291 720 4354 Bibliogr.
738 4292 806 4343 Dant.
827 4293 845 4354 l,
864 4291 921 4342 243.

276 4377 319 4441 **)
337 4379 527 4444 disputationem
545 4377 575 4427 de
593 4377 639 4429 nde
657 4377 728 4441 hujus
746 4377 862 4442 epistolae
882 4377 1021 4442 propediem
1039 4393 1171 4444 persequer
1188 4381 1211 4431 in
1230 4357 1288 4433 nola
1299 4383 1454 4448 epistolarum

211 4465 294 4516 baetis
312 4464 424 4514 editione.

278 4545 336 4608 ***)
354 4548 389 4598 lta
407 4561 461 4597 cnm
480 4547 730 4610 doetissimo’l'roya
750 4546 964 4613 interpungendum
983 4562 1037 4597 osse
1055 4557 1121 4614 pute.
1148 4550 1335 4603 Abbrcviationis
1351 4552 1454 4616 signum,

214 4631 277 4698 qued
295 4632 380 4684 enicas
397 4631 552 4684 Florentines
570 4631 644 4684 codex
662 4631 763 4694 exbibet,
782 4647 830 4684 nen
849 4649 922 4698 pann,
940 4633 983 4684 sed
1001 4650 1069 4699 ecam
1086 4633 1166 4686 dicere
1184 4635 1254 4686 solet.
