3282 5404
641 531 775 582 PdediSi
791 531 853 582 ΧΙΙΙ.

246 751 349 824 Desiit,
373 757 403 812 et
423 749 510 813 turbo
531 751 760 831 pariterque'ea
781 750 893 814 lumina
915 759 1018 813 saneta

246 862 293 922 Me
315 879 416 922 eoram
437 868 582 924 steterunt
604 869 688 924 aestu
710 868 864 924 crescente
885 861 982 926 beata.

246 971 328 1033 lnter
351 969 517 1035 concordes
539 971 588 1033 iux
608 989 667 1034 una
690 971 809 1034 silentia
829 971 919 1033 Divos

196 1094 231 1146 30
247 1081 377 1160 Rumpit,
400 1099 477 1160 quae
498 1081 627 1160 primum
649 1080 724 1144 mihi
746 1080 840 1142 maed
861 1079 1002 1160 pauperis
1024 1089 1088 1144 aota

183 1269 185 1274 Ι
246 1191 368 1254 Dixerat
388 1197 418 1253 et
438 1190 527 1252 vitam
548 1190 663 1264 miram,
686 1190 732 1252 sio
753 1209 826 1253 veae
847 1190 960 1252 locuta:

246 1303 409 1381 Postquam
429 1301 498 1362 trita
519 1299 576 1362 ruit
596 1299 701 1380 paleae
722 1318 792 1379 pars
813 1318 872 1362 una
892 1300 1064 1380 bonumque

248 1412 357 1474 Semen
376 1411 439 1491 jam
460 1410 601 1489 positum,
624 1417 654 1471 et
674 1409 821 1489 reliquam
843 1410 900 1472 fert
921 1409 997 1472 laete
1021 1408 1130 1489 cupido

249 1522 397 1583 Tendere.
441 1520 487 1581 Tu
509 1519 608 1582 eredis
628 1527 744 1600 peotus,
768 1538 827 1599 quo
849 1527 1029 1599 expectere
1052 1525 1134 1580 ousta
1152 1524 1207 1592 est,

198 1636 232 1691 at
248 1631 332 1694 Unde
354 1649 429 1710 gena
450 1629 532 1691 iilius
553 1630 682 1709 prodivit
702 1630 836 1710 pulchra,
859 1629 989 1709 palatum

250 1740 341 1821 Cujus
361 1739 522 1818 terrigenis
544 1723 591 1800 est
611 1739 702 1815 tantia
724 1748 831 1820 peetus
853 1747 884 1802 et
905 1739 978 1800 iilud

249 1850 340 1912 Hasta
363 1851 546 1923 consessum,
570 1850 649 1929 quod
673 1856 719 1911 sat
739 1855 810 1929 pest
831 1848 903 1911 feeit
924 1855 955 1910 et
974 1854 1053 1920 ante,

249 1961 299 2022 Sia
320 1968 354 2023 ut
375 1968 480 2023 annoto
503 1977 557 2021 sue
578 1977 723 2020 noxarum
745 1958 880 2039 pondera
901 1957 987 2018 ianoe

248 2069 432 2150 Exsuperet3
454 2069 598 2150 quidquid
620 2075 726 2130 natura
747 2068 877 2130 humana
898 2065 989 2146 potiri

197 2187 233 2242 tu
249 2179 384 2241 Luminis
406 2186 454 2242 est
474 2187 552 2260 apta,
574 2179 707 2244 inmun
728 2186 866 2258 portasse
886 2196 942 2257 per
962 2175 1044 2237 iiiam

250 2289 402 2363 Virtutem,
426 2306 502 2369 qnae
524 2297 682 2369 utrumque
703 2289 734 2350 in
756 2286 878 2348 luminis
898 2285 994 2348 edidit
1014 2301 1120 2360 amen

248 2398 344 2479 Atque
365 2400 434 2460 ideo
455 2397 529 2464 mihi
550 2399 629 2460 dieta
649 2415 741 2478 supra
762 2396 909 2460 mirabere
930 2396 1043 2470 ioman,

251 2510 324 2573 Cum
345 2509 399 2570 tihi
420 2507 579 2574 narrabam
600 2507 659 2568 sihi
680 2525 741 2569 non
763 2507 905 2569 habuisse
927 2505 1094 2568 sonandum

252 2618 347 2691 Quem
369 2619 468 2680 divum
490 2618 592 2698 quinta
614 2617 790 2678 condusam
811 2617 843 2678 iu
864 2617 933 2679 luae
952 2615 1062 2678 notari.

198 2731 233 2787 m
291 2728 376 2790 Nune
397 2735 430 2790 tu
451 2727 550 2808 pande
572 2727 676 2789 oeulos
699 2727 737 2788 ad
759 2745 835 2806 quae
856 2745 1004 2807 responsa
1025 2725 1183 2788 dabunmr.
1295 2753 1298 2760 ⁴

250 2839 287 2901 Et
307 2838 400 2900 nitide
422 2838 572 2918 adspicies
592 2846 645 2900 tua
668 2855 728 2918 quo
750 2836 898 2898 sententia
914 2844 1012 2917 paeto,

251 2948 398 3028 Quodque
420 2965 475 3026 ego
498 2947 643 3021 dioebam,
666 2947 699 3009 in
719 2965 823 3009 verum
845 2953 1011 3019 eunoun-et,
1033 2946 1066 3008 in
1087 2944 1192 3007 orbem

251 3059 311 3121 Ceu
335 3067 478 3120 centrum.
522 3057 611 3131 Quod
632 3065 730 3118 morte
752 3063 840 3129 earet,
863 3055 946 3135 quod
967 3053 1085 3116 victima
1106 3054 1158 3116 leti
1179 3061 1236 3129 est,

249 3167 297 3230 Nil
317 3175 437 3248 praeter
458 3169 571 3230 formae
593 3165 786 3248 splendorem
807 3176 863 3238 eet,
886 3181 975 3243 quam
995 3163 1074 3242 parit
1094 3163 1170 3226 altus

202 3276 235 3331 5⁰
250 3277 339 3356 Regis
362 3275 486 3340 amantis
508 3295 601 3340 amur.
645 3276 718 3338 Nam
740 3273 818 3336 luois
838 3273 934 3335 vivida
956 3273 1060 3348 virtus,
1175 3319 1179 3326 .

253 3387 336 3473 Quae
357 3387 401 3449 sic
423 3405 440 3448 a
462 3386 580 3449 iouente
602 3405 657 3448 auo
679 3393 767 3458 meat,
788 3391 821 3445 ut
842 3383 948 3464 pruoul
970 3381 1038 3462 ipso

250 3495 404 3577 Nusquam
426 3496 522 3571 abeat,
543 3513 642 3577 neque
664 3513 765 3558 amore
787 3493 849 3568 illo,
872 3492 924 3573 qui
945 3493 1042 3555 uinus
1063 3491 1095 3554 in
1116 3507 1177 3572 uno
1199 3499 1253 3568 est,

250 3606 345 3686 Large
368 3605 537 3685 gratificans
559 3607 656 3668 otiose
677 3606 788 3670 lumine
810 3603 903 3665 donat

251 3715 372 3778 Naturis
393 3716 506 3794 fulgere
528 3715 622 3790 novis,
646 3715 731 3795 quasi
754 3715 780 3775 si
802 3714 867 3793 ipsa
889 3711 1016 3777 resultet

202 3827 277 3888 aad
297 3825 430 3907 speculo,
452 3834 666 3905 aeternumque
687 3826 718 3890 in
739 3833 857 3904 tempus
877 3829 1034 3902 permanet
1053 3840 1123 3884 une.

251 3936 327 3998 Exin
348 3935 491 3998 inferiora
513 3943 629 4014 pateas,
652 3943 741 4016 atque
762 3934 865 3996 ultima
887 3951 987 3994 rerum

253 4045 386 4119 Saecula,
410 4045 567 4106 deseendit
586 4045 682 4125 magis
704 4051 735 4106 et
754 4043 850 4121 magis
869 4060 966 4121 usque
988 4040 1141 4119 gradatim,
1228 4037 1230 4042 ’
1301 4067 1305 4074 ’

197 4189 200 4198 ·
252 4155 328 4216 Dum
349 4154 451 4216 brevia
474 4154 592 4230 adiiciat,
615 4172 671 4235 per
693 4168 769 4235 quae
790 4153 908 4233 signare
929 4150 1064 4213 volebam

252 4263 346 4338 Edita,
370 4283 445 4344 quae
467 4263 589 4344 propria
611 4264 711 4328 eduoit
731 4263 877 4340 vertigine
900 4261 1025 4334 melum,

202 4384 237 4439 td
253 4375 315 4438 Seu
335 4381 407 4448 sata,
429 4375 491 4436 eive
513 4374 574 4436 ullo
596 4374 706 4436 fuerint
727 4374 793 4436 eine
815 4372 929 4434 somine
949 4378 1026 4433 nata.

254 4483 328 4546 Cera
349 4483 467 4557 horum,
490 4483 601 4564 quique
622 4484 700 4547 hane
721 4482 812 4557 duait,
833 4480 949 4544 ratione
969 4479 1121 4560 modoque
