3236 5394
577 583 770 634 tnruunonuu
788 585 857 634 ΧΧΙΙ.

167 822 203 876 8⁰
221 805 317 878 Quem
339 805 451 878 vocat),
475 809 563 879 atque
585 800 652 861 istis
675 818 731 862 neo
752 821 808 862 ror
828 819 883 862 neo
905 801 1005 879 lingua
1027 802 1178 881 loquendo

220 914 263 975 ne
286 912 389 976 Sardis
411 928 543 989 unquam
565 909 643 971 lassa
667 919 722 971 est.
766 910 820 971 Ast
840 910 898 972 beu
920 911 993 972 mibi
1016 910 1112 973 sesso!

223 1021 357 1101 Aspicite
380 1021 460 1082 buno
481 1019 572 1081 alium
595 1019 791 1082 frendentem.
834 1019 940 1081 Dicere
963 1039 1078 1083 averem

222 1131 382 1203 Ulteriora,
407 1130 459 1192 sed
482 1129 561 1190 bunc
582 1136 698 1196 metuo,
721 1147 759 1190 ne
780 1129 892 1190 saeviat
914 1148 1020 1208 ungue.

264 1240 340 1300 Tum
362 1256 485 1317 maguus
507 1237 665 1317 princepe,
689 1248 721 1299 ut
742 1238 816 1300 ridit
836 1246 919 1300 torva
942 1248 1073 1302 tuentem

170 1372 204 1426 35
221 1349 425 1421 Fariandum,
449 1355 537 1427 atquc
560 1355 641 1408 artus
662 1347 770 1426 pavido
792 1348 904 1410 laniare
927 1359 1096 1428 parantem:

221 1459 336 1521 Accede
358 1459 432 1532 huc,
454 1457 531 1518 mala
553 1457 631 1530 aris,
654 1456 737 1518 dixit.
782 1458 866 1519 Tunc
887 1458 1007 1520 territus
1029 1458 1079 1520 ilie

223 1570 273 1632 Sic
296 1568 352 1629 fari
374 1567 486 1647 pergit:
511 1567 544 1628 Si
566 1583 669 1627 rursus
693 1566 782 1628 eorde
805 1566 914 1645 cupido

224 1680 293 1741 Fert
315 1679 410 1738 iactes
433 1677 551 1746 audire,
575 1685 605 1736 et
626 1693 726 1736 coram
749 1695 871 1738 cernere
894 1677 991 1738 vultus

224 1777 538 1866 Tuosoos,·quosque
559 1785 633 1846 Puer
657 1803 714 1846 una
737 1793 824 1864 atque
847 1785 938 1848 altera
961 1786 1027 1865 ripa
1050 1785 1170 1848 tenebat

173 1908 207 1960 oo
224 1897 324 1970 Cives,
348 1913 515 1962 arcessam
537 1901 582 1956 ast
606 1894 751 1956 exereitus
772 1895 920 1973 unguibus
942 1915 1012 1956 acer

105 1949 108 2108 r
224 2009 343 2078 Cesset,
366 2025 403 2067 nc
425 2006 537 2066 ultores
559 2012 700 2065 metuant.
743 2004 800 2065 Hic
820 2005 887 2085 ipse
909 2006 1052 2079 sedendo,

222 2117 348 2179 Nomine
370 2133 426 2196 pro
449 2114 551 2185 oniae,
576 2114 626 2194 qui
649 2131 729 2186 sum,
752 2112 823 2174 bine
845 2115 925 2176 exire
944 2113 1056 2194 jubebo

105 2116 108 2326 Ι
223 2229 361 2306 Septem,
385 2243 466 2297 curn,
490 2223 568 2284 sicut
588 2241 654 2284 mos
677 2233 724 2286 est
745 2231 834 2302 caput
855 2225 1050 2296 emittentem,

106 2333 108 2404 Ξ
223 2336 316 2398 Sibiia
339 2344 409 2395 nota
433 2334 519 2395 dabo.
562 2332 670 2394 Audito
692 2350 846 2407 sermone,
868 2333 975 2395 levavit

106 2409 109 2496 ἶ
174 2460 206 2516 95
223 2446 339 2508 Rittium
362 2443 573 2524 quassavitque
595 2449 684 2520 eaput
705 2441 863 2521 Cynimega
885 2442 1002 2504 locutus

106 2499 111 2636 ¹
224 2555 291 2617 Sic:
313 2554 389 2615 nudi
412 2553 564 2625 technam,
587 2569 675 2630 quam
697 2569 799 2612 sectum
822 2561 932 2627 versat,
956 2553 986 2614 in
1008 2553 1067 2614 ima

224 2665 262 2728 Ut
284 2683 317 2725 se
340 2662 462 2743 dejiciat
483 2662 577 2723 nostri
600 2679 735 2723 securus.
756 2695 798 2706 ··-
820 2662 936 2736 britte,

223 2773 383 2836 Multorum
404 2772 487 2834 dives
509 2772 698 2850 laqueorum,
725 2771 792 2832 talia
815 2781 933 2834 conus:
990 2809 997 2824 ,

223 2883 360 2962 Egregiis
382 2902 452 2944 vero
475 2881 591 2943 technis
614 2881 776 2942 instructus
798 2882 926 2956 abundo,

161 3009 208 3060 loo
223 2993 404 3073 Respondit,
427 2990 540 3071 majora
562 2989 637 3052 meis
659 3008 727 3052 cum
748 2990 855 3053 damna
876 3011 1014 3070 procuro.

143 3135 149 3146 ·
225 3104 286 3165 Sed
307 3121 367 3164 non
389 3119 483 3180 usque
505 3101 580 3162 a'deo
602 3118 687 3162 mens
709 3100 840 3179 perstitit
859 3101 1017 3175 Aliecbini,

223 3212 319 3292 Atque
342 3211 417 3271 alios
440 3218 542 3271 eontra
565 3209 655 3270 dixit:
677 3209 710 3269 si
733 3216 836 3288 stagna
857 3211 982 3283 subibis,

223 3321 291 3382 Non
314 3338 404 3382 cursu
425 3317 589 3392 incurram,
612 3320 725 3380 alarum
746 3319 799 3379 sed
821 3327 977 3398 utrumque
998 3321 1122 3382 movebo

224 3429 409 3508 Remigium,
431 3428 498 3507 pice
520 3436 668 3490 torrentes
691 3427 806 3488 instans
829 3446 919 3506 super
939 3429 1043 3490 undas,

161 3549 206 3602 105
223 3540 407 3620 Linquamus
430 3537 551 3611 oollam,
568 3537 629 3598 tibi
652 3537 692 3598 sit
713 3537 855 3598 tutamine
876 3538 957 3617 ripa:

223 3651 300 3712 Num
324 3658 355 3709 tu
377 3649 444 3728 plus
467 3647 583 3720 valeas,
606 3665 643 3708 an
666 3648 757 3708 virtus
780 3655 897 3720 nostra,
919 3647 1019 3708 videre
1042 3655 1097 3709 est

268 3758 294 3820 Ο
317 3765 364 3830 tu,
388 3757 535 3837 quilegie
557 3758 630 3831 ista,
652 3775 761 3818 novum
781 3776 861 3818 nunc
883 3757 985 3836 accipe
1006 3757 1117 3820 ludum.

226 3867 362 3946 Quisque
384 3867 488 3930 oeulos
510 3867 568 3928 alio
592 3887 627 3928 ex
649 3866 773 3948 scopulo
795 3867 954 3940 convertit,
978 3877 1008 3928 et
1028 3867 1078 3930 ille

224 3977 356 4050 Primus,
381 3976 430 4056 qui
453 3977 531 4038 hanc
552 3984 681 4038 mentem
703 3984 750 4037 est
770 3975 865 4054 magis
887 3988 1038 4040 aversatus
1059 3978 1165 4040 acerbe

105 4115 108 4171 p
163 4097 210 4148 llo
228 4087 303 4148 Tum
324 4085 503 4148 Nararensis
526 4103 670 4148 conamen
692 4093 826 4165 ternpore
848 4103 969 4148 sumens

104 4181 108 4332 ἱ
227 4196 280 4258 Sat
301 4195 395 4268 scite,
418 4195 544 4275 pedibus
568 4203 676 4256 terram
696 4195 837 4274 pulsavit,
860 4202 891 4258 et
911 4214 971 4257 uno

224 4306 289 4368 latu
312 4305 391 4366 oculi
414 4305 568 4378 assiliens,
591 4314 729 4383 stagnum
751 4323 784 4365 se
804 4305 910 4386 injecit
931 4305 962 4367 iu
984 4305 1085 4377 imum

224 4415 266 4476 Ac
287 4433 322 4476 se
344 4414 487 4477 subduxit
506 4413 662 4478 meditanti
685 4415 798 4476 atrocia
818 4414 932 4477 turbae.
1150 4395 1155 4402 “

225 4523 289 4585 Hoc
311 4541 383 4585 casu
405 4523 537 4586 confossi
560 4541 681 4598 omues3
702 4543 804 4588 verum
826 4525 923 4588 tenus
942 4524 996 4587 ille
