3282 5404
620 529 755 579 rtntntst
772 531 822 582 ΧΙΙ.

168 757 201 812 95
261 747 385 809 Diversa
408 746 523 809 existo
545 747 655 808 deinde
677 765 827 810 emersere
849 750 968 821 detenta,

221 856 315 930 Queis
337 857 430 934 riguis
452 856 559 936 gaudet
582 855 692 918 Christi
713 858 933 938 pulcherrimus
955 859 1070 934 hortus,

219 967 256 1029 Ut
277 967 373 1045 magis
394 974 483 1047 etque
505 967 601 1045 magis
622 967 731 1029 ducant
751 967 873 1029 arbusta
892 968 1034 1047 rigorem.

221 1077 253 1138 Si
274 1077 342 1138 talis
363 1075 450 1154 bigae
471 1095 531 1138 una
553 1077 607 1137 luit
629 1085 704 1150 rota,
727 1095 784 1156 qna
806 1077 887 1138 stetit
908 1077 984 1140 elma

156 1225 163 1242 .
221 1187 339 1266 Sponsa
361 1186 414 1247 llei
435 1185 541 1246 victrix
562 1185 657 1247 civilia
679 1186 792 1266 proelia
815 1195 925 1260 contra,
988 1201 995 1216 ¹

157 1305 204 1356 tou
221 1295 264 1356 Te
287 1295 518 1357 demerueritis
539 1312 601 1356 non
623 1297 761 1374 ignorare
783 1295 917 1373 magistri

221 1405 364 1466 Virtutem
386 1405 546 1482 egregiam,
571 1423 659 1484 quem
682 1405 801 1467 laudum
823 1405 967 1484 prodigus
989 1414 1056 1469 ente

220 1514 360 1576 Nostrum
383 1514 488 1576 initum
511 1522 591 1576 tanta
613 1515 738 1577 leones
761 1516 790 1576 in
813 1515 880 1576 luce
901 1515 1019 1577 locavit.

220 1625 258 1685 nt
278 1623 334 1698 via,
359 1643 446 1703 qnam
467 1623 595 1703 primam
617 1625 785 1703 signaverat
805 1625 911 1698 orbita,
933 1634 1033 1706 spreta
1056 1633 1118 1702 est;

222 1733 330 1808 Quare,
355 1733 404 1794 uhi
428 1742 527 1797 crusta
549 1735 613 1808 tuit,
635 1753 741 1796 mucor
761 1734 934 1796 dominetur
955 1753 1082 1797 amarus.

156 1853 202 1903 105
262 1843 428 1916 Quaenon
451 1843 605 1905 declinans
627 1861 758 1924 unquam
778 1843 901 1922 vestigia
921 1845 1025 1924 proles

218 1953 346 2031 Legerat
367 1952 465 2026 istim,
488 1970 594 2031 gressu
615 1953 747 2015 revolute
768 1961 933 2016 retrorsum

220 2063 269 2125 Sic
293 2063 325 2137 it,
349 2071 383 2123 nt
404 2062 448 2124 ad·
462 2062 539 2124 talos
561 2062 649 2142 pedis
672 2064 819 2125 anteriora
842 2065 982 2126 terantur.

220 2173 332 2235 Sentiet
353 2172 419 2252 ipso
442 2171 561 2252 quidem
583 2180 714 2236 actutum
738 2173 793 2235 sub
816 2181 949 2252 tempora
973 2175 1081 2236 messis

220 2282 369 2345 Culturam
390 2301 519 2362 pravam,
543 2282 601 2344 sihi
624 2299 691 2344 cum
713 2282 850 2368 clamabit
871 2283 1040 2364 ademptum

155 2398 202 2450 tto
218 2393 356 2454 trentam
378 2391 492 2457 lolium.
538 2392 649 2453 Tamen
671 2391 731 2453 hoc
751 2393 825 2454 mini
847 2392 947 2456 dicere
968 2411 1038 2455 rere
1059 2401 1121 2456 est:

219 2502 251 2563 si
274 2502 321 2563 cui
343 2501 380 2562 de
402 2509 506 2562 nostro
529 2501 567 2563 sit
589 2518 659 2564 curu
682 2502 830 2564 volumine
852 2501 970 2565 chartas

217 2609 337 2673 Attente
360 2611 486 2672 scrutari
508 2610 595 2672 ooolo
618 2611 789 2688 singlariter
809 2630 923 2687 omnes,

218 2721 304 2782 Nunc
325 2721 413 2783 etiam
435 2721 484 2782 hic
506 2721 635 2801 aliquam
657 2720 776 2783 debitor
796 2723 930 2802 reperire
951 2721 1117 2801 legendam,

219 2831 367 2911 Scriptum
389 2830 442 2892 uhi
464 2830 561 2893 adhuc
581 2840 711 2894 maneat:
734 2832 807 2895 Sum
828 2832 961 2894 nondum
983 2833 1122 2912 degener,
1144 2832 1195 2896 ille
1232 2827 1234 2832 ’

155 2947 203 3002 115
220 2941 278 3015 Qui
300 2941 395 3002 soleo.
439 2940 477 3002 m
498 2959 558 3002 non
580 2941 630 3002 hio
652 2940 749 3004 Caeali
772 2947 860 3004 natus
882 2943 1019 3022 dqueere

219 3052 359 3130 Spartae3
383 3051 491 3112 etenim
515 3051 578 3112 noti
600 3057 645 3112 est
667 3051 815 3130 interpres
837 3059 964 3132 uterque
986 3052 1099 3126 statuti,

217 3160 299 3222 Alter
319 3167 352 3222 ut
372 3160 431 3222 hoe
453 3160 554 3239 lugiet,
576 3158 665 3239 hujus
687 3167 803 3238 premat
824 3161 899 3222 alter
919 3159 1063 3224 habenas.

218 3270 274 3332 Hic
293 3269 530 3332 Benevenrnnsrr
544 3267 598 3331 'est
620 3269 672 3331 tibi
694 3270 810 3332 discere
831 3269 1007 3348 Balneoregi

217 3380 332 3454 Natum,
357 3380 417 3460 qui,
441 3381 574 3460 quamvis
597 3379 654 3441 sim
676 3379 797 3458 grandia
818 3397 942 3442 munere
964 3380 1093 3453 lunctns,

155 3491 202 3544 1²⁰
217 3491 340 3552 Decrevi
363 3507 483 3570 semper
504 3491 618 3552 laevom
640 3497 823 3570 postponere
846 3507 957 3552 curam.

259 3601 316 3667 llic
338 3607 405 3675 stat,
429 3600 479 3679 qui
500 3601 584 3663 ducit
604 3601 788 3679 praeclarum
810 3619 827 3662 a
849 3600 961 3662 lumine
982 3615 1109 3674 nomem

217 3710 402 3772 Aooosrmns
424 3709 509 3772 adest
530 3709 651 3790 pariter,
676 3710 726 3790 qui
749 3729 880 3791 paupere
902 3710 1016 3789 primus

219 3820 292 3882 Cum
312 3818 397 3882 turba
419 3830 540 3882 exuerat
559 3820 684 3899 plantes,
708 3837 784 3900 qune
806 3820 877 3882 tune
897 3820 1028 3882 revincta

217 3928 315 3990 Renes
337 3929 438 4008 gavisa
460 3936 506 3992 est
527 3929 599 4008 Regi
620 3929 770 4009 placuisse
792 3945 934 4007 superno.

155 4051 201 4106 tto
258 4037 397 4118 Iungitur
417 4039 467 4101 hic
487 4039 550 4100 llco
573 4040 668 4102 sancti
690 4040 833 4100 Vruronts
855 4037 1007 4112 alumnum

217 4148 282 4210 Stat
303 4147 390 4210 simul
413 4155 444 4210 et
463 4147 582 4209 Pernen
603 4149 760 4222 Hierasos,
783 4147 835 4228 qui
857 4147 989 4228 quinque
1009 4146 1121 4208 libellis

216 4257 254 4319 Et
274 4265 390 4337 septem
410 4265 500 4320 nctus
522 4257 624 4332 oleret
646 4259 826 4336 Peneosque
849 4256 1015 4330 Conamen,

216 4367 312 4447 Atque
332 4367 480 4446 propheta
500 4368 633 4442 Nsrnm,
656 4368 826 4448 pariterque
850 4367 1085 4430 Cnnrsosrornrs
1107 4365 1179 4429 olim

216 4476 473 4557 Metropolitanus,
496 4495 553 4540 nec
573 4491 635 4540 non
656 4478 826 4550 Amenanus,
849 4485 880 4540 et
900 4476 957 4540 ille.
