3362 5414
171 571 175 664 l

672 569 867 624 intendentia
883 571 920 624 Vl.

172 663 452 672 rw..

171 1133 174 1264 l

298 791 427 853 lstorum
448 790 581 852 monitis.
624 792 748 867 Festus,
771 791 922 874 livorque,
945 792 1071 872 sitisque

247 911 281 962 7⁰
298 900 369 964 duri
392 900 541 963 scintillae
563 909 634 963 sunt
654 909 733 974 tres,
756 921 831 982 quae
854 904 945 964 corda
967 913 1120 982 perurunt
1198 943 1251 962 ·.
1360 917 1365 928 ·

339 1009 395 1072 llic
418 1010 579 1091 interrupit
599 1010 784 1073 lacrimabile
806 1031 936 1076 carmen.
978 1013 1041 1091 Ego
1064 1013 1124 1076 illi:
1215 1033 1223 1050 ·
1298 1045 1301 1052 ·

298 1121 332 1183 ld
355 1138 474 1201 quoque
496 1139 545 1184 me
567 1121 692 1194 doceas,
716 1120 820 1200 cupio,
844 1129 875 1183 et
893 1139 933 1184 ne
956 1121 1191 1187 discereaventi
1286 1154 1292 1164 ·

298 1230 445 1293 Ulteriora
466 1247 570 1309 neges.
613 1231 752 1292 'l'eruuoe
775 1240 806 1293 ct
825 1231 982 1304 Firmum,

297 1339 343 1403 llli
365 1340 407 1402 ita
428 1348 616 1420 praestantes
637 1339 769 1414 meritis,
793 1349 823 1403 et
842 1341 1073 1406 liosrrcononou

246 1452 280 1505 75
298 1450 461 1530 Progenies
483 1451 592 1526 licon,
614 1451 783 1524 ffirmcos,
803 1451 918 1524 Mosco,
943 1451 1112 1533 cohorsque

298 1561 437 1634 Caetera,
459 1568 521 1624 tam
542 1561 683 1622 ardentes
703 1558 781 1622 bene
802 1579 858 1640 per
877 1559 1034 1624 benefacta
1058 1563 1176 1635 mereri,

298 1670 366 1744 llic,
389 1671 441 1733 ubi
464 1667 559 1733 sunt?
580 1670 694 1732 Homm
716 1671 765 1732 lac
786 1670 840 1732 des
861 1670 937 1732 milri
959 1689 1085 1732 noscere
1107 1673 1222 1747 vultus3

297 1781 431 1861 Namque
453 1780 560 1858 ingens
583 1780 715 1842 animum
737 1780 813 1844 mihi
835 1779 955 1858 stringit
976 1780 1054 1844 scire
1076 1781 1195 1861 cupido,

298 1892 401 1954 Utrum
423 1891 492 1953 illos
514 1891 631 1954 coelum
652 1888 737 1963 beet,
761 1909 799 1952 an
820 1898 884 1969 styx
906 1898 969 1952 atra
990 1901 1125 1954 venenet

245 2002 402 2081 soleque:
425 2000 547 2062 donnas
569 1999 649 2062 inter
669 2017 754 2080 mage
777 1999 888 2078 nigras.
931 2000 994 2062 Neo
1016 2017 1110 2078 genus
1133 2021 1223 2064 unum

296 2112 461 2184 Nonarum,
485 2120 516 2172 at
536 2109 650 2172 varium
672 2119 776 2172 sontes
798 2109 909 2190 dejecit
929 2109 961 2172 in
982 2110 1052 2172 ima.

279 2220 359 2282 .Hos
383 2228 429 2292 tu,
452 2219 479 2281 si
501 2219 646 2282 inferiora
668 2238 760 2299 queas
782 2227 956 2299 penetrare,
977 2219 1103 2282 ridebis.

297 2329 336 2391 dt
355 2329 412 2391 tibi
433 2349 501 2392 curn
523 2329 643 2392 dabitur
662 2311 765 2390 dulces
788 2329 913 2391 evadere
934 2330 973 2391 ad
995 2349 1093 2404 aurae

297 2441 358 2502 Fac
376 2440 499 2521 jubeas,
523 2457 650 2519 quaeso,
674 2439 770 2500 nostri
791 2439 965 2504 meminisse
988 2441 1124 2515 sodales,
1206 2470 1213 2486 ι

245 2559 279 2614 85
297 2549 417 2613 Nullum
438 2549 515 2611 ultra
535 2548 659 2612 verhurn
681 2549 752 2623 tilri,
774 2567 831 2612 nec
852 2567 998 2629 responsa
1019 2550 1151 2614 remitto.

341 2661 417 2723 Tum
439 2667 540 2722 rectos
562 2659 718 2722 curiorum
740 2659 830 2722 orbes
853 2659 991 2722 distorsit
1011 2660 1129 2736 acerbe,

297 2772 343 2833 lle
366 2770 498 2850 inspexit
516 2769 650 2850 paullum
671 2777 761 2850 etque
783 2769 852 2834 exin
875 2747 965 2849 caput
985 2769 1147 2844 inclinarit,

297 2882 392 2961 Atque
415 2880 505 2942 simul
526 2879 636 2942 cecidit
656 2880 840 2961 reliquomm
862 2879 997 2942 examine
1018 2879 1126 2959 mistus

298 2992 473 3054 Coecomm.
489 3021 531 3036 -·
553 2990 638 3052 Tunc
657 2973 821 3052 lllmcunns
843 2989 917 3052 mihi
941 2990 1011 3052 talia
1033 2990 1155 3054 ductor:

246 3109 280 3160 eo
296 3100 364 3162 Non
386 3101 457 3162 huic
478 3108 635 3180 praetcrea
654 3101 777 3162 secedet
797 3107 920 3179 pectore
942 3120 1074 3173 somnus,

297 3212 373 3272 Ante
395 3210 466 3272 tuba
489 3210 624 3289 angelico
647 3227 735 3290 quam
757 3221 902 3289 personet
922 3210 1022 3272 omnia
1044 3211 1141 3290 signo,

298 3321 446 3401 Tempore
469 3339 528 3399 quo
551 3319 688 3382 adveniet
708 3319 809 3400 pravis
830 3319 952 3380 inimice
973 3327 1118 3399 poteslas.

297 3430 372 3492 Exin
395 3431 522 3510 quisquc
544 3449 631 3492 suum
652 3428 785 3490 inveniet
805 3427 864 3490 sibi
886 3428 972 3490 triste
993 3429 1194 3509 sepulchrum,

296 3540 404 3602 lnduet
424 3549 513 3620 atque
535 3539 594 3601 sibi
616 3557 738 3604 carnem
757 3537 971 3618 propriamque
992 3540 1134 3618 liguram

245 3662 278 3715 95
299 3650 381 3723 Quae
404 3650 498 3712 semel
520 3649 650 3712 intonuit
672 3649 836 3720 sententie,
858 3647 963 3711 madet
984 3658 1014 3711 ct
1034 3669 1126 3712 eures

296 3761 468 3824 detemum.
490 3793 531 3804 -
553 3759 605 3822 Sic
628 3758 790 3838 tardigredi
812 3760 877 3822 loca
899 3779 956 3839 per
976 3760 1075 3838 nigre,
1098 3761 1188 3822 mista

298 3871 429 3932 Collume
450 3870 622 3932 urnbramm
636 3878 674 3931 -et
694 3868 827 3948 pluviae,
851 3870 1054 3950 processimus
1075 3872 1162 3943 ultra,

297 3981 467 4057 'longepres
489 3980 595 4053 vitem
618 3981 699 4042 haud
719 3979 811 4058 longo
832 3997 989 4053 emmone,
1010 3982 1150 4044 lonnmm,

338 4089 396 4152 llic
418 4108 491 4169 ego:
515 4091 710 4171 Praeceptor,
734 4089 812 4163 diri,
835 4109 912 4152 anne
933 4089 1009 4152 lreec
1030 4091 1096 4171 ipsa
1118 4099 1221 4154 tenore

229 4211 279 4262 1⁰0
296 4199 450 4280 Supplicia
471 4208 635 4278 rarrigeocent
656 4199 757 4280 aliquo
778 4207 848 4279 poet
869 4217 979 4279 magna
999 4200 1144 4264 Tonantis

293 4308 411 4372 iudicia
433 4307 741 4389 aeternii·Numquid
762 4309 927 4390 mitescere
942 4329 1060 4390 poenae

294 4420 444 4501 Incipient
465 4421 557 4492 lorte,
580 4437 619 4481 an
638 4419 770 4480 miseros
789 4418 835 4482 aio
856 4418 966 4482 ucriter
986 4418 1101 4484 urent?
1188 4449 1190 4456 ⁴

295 4530 349 4593 llle
369 4529 460 4592 milri:
485 4531 569 4604 Quae
592 4529 664 4592 olim
686 4527 835 4604 didicisti,
858 4539 957 4593 mente
979 4531 1113 4608 revelve3
1231 4544 1241 4564 ·
