3214 5400
775 483 959 534 educarunt!
975 483 1043 534 utu.

403 705 587 766 Guaanauuu
609 702 771 764 exstinctae
793 702 962 782 exemplum
984 721 1145 784 superesse
1167 703 1278 783 prioris

403 814 516 888 Gentis,
541 821 573 874 ut
594 811 716 893 objiciat
736 812 814 875 male
836 811 917 874 culto
936 813 1067 876 dedecus
1085 831 1165 888 aero,

284 933 285 936 ’
403 925 462 986 Fac
484 923 605 984 doceas.
628 953 670 966 -
690 923 749 984 Aut
770 940 819 983 me
840 922 946 984 ludunt
966 929 1016 984 tua
1037 921 1136 996 rerba,
1157 922 1204 986 vel
1225 923 1292 1004 ipse

337 1051 386 1104 luc
402 1033 449 1096 Me
470 1039 577 1104 tentas,
601 1031 705 1110 inquit,
729 1031 790 1110 qui,
813 1047 952 1094 sermone
973 1049 1048 1094 usus
1069 1031 1227 1105 Hemeseo,

402 1143 521 1205 Justum
544 1141 732 1203 Guunsuuuu
753 1141 873 1221 penitus
895 1140 1012 1204 nescire
1034 1141 1153 1204 rideris.
1176 1173 1218 1186 -

403 1251 491 1314 Hune
512 1268 573 1312 uun
595 1269 631 1312 ct
653 1250 711 1313 alio
733 1251 802 1312 ucri
824 1249 1011 1328 cognomine,
1036 1251 1173 1331 quamsi

404 1359 448 1422 Ex
471 1359 540 1440 Gaja
562 1377 687 1434 sumam,
711 1375 771 1440 quc
792 1367 876 1440 patre
898 1359 975 1422 haec
995 1359 1073 1422 edita
1096 1361 1199 1422 ierurr.

449 1469 575 1542 Salvete,
598 1469 676 1531 haud
699 1468 776 1530 ultra
798 1478 845 1531 est
865 1469 938 1532 mihi
961 1469 1006 1532 ias
1029 1471 1210 1534 contendere
1232 1471 1357 1550 gressu;

338 1591 387 1645 lut
405 1579 577 1659 Prospecta,
601 1586 633 1640 ut
655 1578 767 1640 circum
787 1579 941 1642 radiantur
961 1579 1063 1642 uubiia
1084 1580 1156 1642 sumi

405 1689 486 1752 Luce
508 1707 584 1750 nura
606 1688 748 1762 immissa,
772 1697 802 1752 et
820 1689 884 1770 jam
905 1707 954 1752 me
976 1689 1131 1752 discedere
1154 1698 1290 1771 oportet3

405 1797 537 1878 Angelus
559 1805 606 1858 est
627 1797 698 1871 illic,
717 1817 755 1860 ne
777 1817 825 1860 me
848 1807 984 1878 occupet.
1028 1799 1088 1862 Ista
1109 1799 1227 1863 locutus

405 1907 471 1970 Nou
494 1907 571 1970 ultra
592 1907 628 1969 ad
652 1917 773 1970 nestros
795 1925 951 1970 sermones
974 1925 1045 1970 aure
1066 1911 1187 1972 vacavit

886 2169 986 2252 Xill·

408 2347 504 2410 Mente
527 2347 579 2410 tibi
602 2367 746 2422 memora,
767 2349 793 2410 si
816 2347 944 2429 quande,
967 2347 1071 2421 lector,
1094 2347 1125 2410 iu
1147 2347 1222 2429 Alpe

409 2457 453 2518 Te
474 2457 582 2520 nebula
604 2458 738 2531 attendit,
760 2475 817 2537 per
838 2475 926 2538 quarn
949 2457 993 2518 sic
1015 2456 1081 2537 ipse
1101 2455 1228 2531 videres,

409 2566 494 2628 Sicut
513 2585 569 2648 per
588 2567 698 2648 pellem
718 2567 833 2648 talpae;
855 2575 897 2641 ut,
920 2566 1043 2628 simulac
1064 2585 1157 2647 vapor
1177 2568 1305 2632 humens

409 2677 452 2736 Ac
474 2677 585 2742 densus
608 2677 707 2756 coepit
727 2695 889 2750 rarescere,
912 2676 1027 2756 spicula
1050 2677 1124 2738 sciis

376 2785 553 2850 altebiliter
572 2793 751 2867 penetraut3
773 2785 846 2848 ieris
867 2786 942 2848 haec
962 2785 1018 2848 tibi
1039 2795 1141 2864 surget
1162 2786 1270 2864 image,

410 2897 454 2958 Ex
476 2915 534 2977 qua
556 2896 706 2977 conjicias,
731 2915 790 2976 quc
813 2914 905 2959 sensu
926 2895 1037 2960 lumina
1058 2897 1187 2976 primumn

410 3007 476 3069 vini
499 3006 604 3070 iterum
627 3007 710 3080 solis,
733 3008 785 3087 qui
807 3005 1023 3087 praecipitabat
1043 3005 1074 3068 iu
1096 3023 1217 3086 aequor.

454 3117 506 3178 Sic
528 3117 603 3178 duce
624 3133 805 3196 progressus
827 3135 894 3178 cum
916 3116 977 3177 fide
997 3115 1137 3195 passibus
1158 3117 1273 3196 aequis,

412 3226 495 3288 Exivi
516 3226 648 3288 tenebris
670 3226 706 3288 ad
724 3226 788 3306 iam
810 3225 1004 3288 intermortua
1025 3227 1057 3288 in
1079 3227 1146 3288 imis

363 3346 396 3397 lu
412 3337 538 3399 Lumina
560 3335 650 3412 agris.
694 3335 719 3397 0
742 3354 837 3410 meus,
861 3353 936 3416 quae
958 3353 1015 3397 uos
1036 3335 1078 3397 ita
1098 3336 1225 3414 imagine
1246 3355 1348 3398 rerum

413 3446 540 3526 Saepius
562 3445 707 3544 abductus
729 3465 746 3508 a
768 3445 909 3508 sensibus
930 3445 1134 3525 imprudentes

412 3557 529 3630 Auiers,
552 3555 633 3617 mille
654 3555 725 3618 licet
746 3555 818 3618 deut
838 3555 951 3617 circum
973 3573 1085 3616 ccmua
1105 3555 1251 3617 bumbos:

415 3667 499 3740 Quae
521 3673 550 3728 te
572 3683 678 3728 caussa
699 3673 808 3739 meret,
829 3683 892 3727 ncn
914 3665 1124 3744 suppeditante
1144 3666 1281 3729 ministre

415 3774 537 3838 Seusu?
585 3776 628 3838 Te
649 3774 700 3836 lux
720 3775 797 3836 alma
818 3783 927 3848 muru
950 3793 1026 3854 quae
1046 3784 1145 3837 manat
1165 3775 1203 3837 ab
1224 3775 1284 3838 altc

366 3899 397 3952 15
415 3887 529 3967 Sponte
551 3905 605 3948 sua
627 3893 678 3948 aut
698 3885 824 3948 ducente
845 3886 918 3960 Dec,
941 3885 993 3965 qui
1015 3885 1105 3947 dunat
1125 3885 1236 3948 habere

416 3995 603 4075 Terrigeuis.·
641 3995 708 4056 Neu
731 3994 829 4074 ampla
850 3995 957 4074 magis,
979 4013 1069 4074 quam
1089 3995 1184 4058 icrma
1205 3989 1356 4060 vulucrem

416 4105 543 4166 Mutatae
565 4104 597 4165 in
618 4123 748 4185 parvam,
772 4123 860 4185 quam
880 4105 949 4185 plus
966 4104 1052 4185 juvat
1072 4105 1161 4168 edere
1184 4105 1221 4167 ab
1243 4123 1295 4168 cre

417 4215 536 4289 Cantus,
559 4215 663 4276 nescio
686 4231 771 4294 qnae,
795 4215 912 4295 species
934 4215 1034 4278 animo
1055 4215 1141 4278 obvia
1162 4216 1259 4290 veuit;

418 4325 501 4398 Quae
522 4324 596 4386 mihi
617 4325 662 4386 sic
684 4326 764 4388 intans
785 4333 915 4386 mentem
936 4325 1118 4405 perstrinxit,
1140 4335 1172 4388 ut
1194 4335 1283 4400 extra,

365 4453 400 4504 20
418 4435 501 4508 Quae
522 4452 572 4496 res
595 4443 740 4514 apparent
760 4435 850 4515 hujus
871 4435 1034 4516 penetralia
1057 4436 1142 4510 inire,
