3234 5396
579 521 760 572 runcrronu
777 521 841 571 xxv.
1210 521 1271 586 23³
1322 468 1328 704 ἱ

211 738 308 811 Quem
328 739 457 819 primuni
477 737 588 818 prodit,
610 737 661 817 qui
682 737 787 800 nititur
808 756 861 800 ore
880 738 1003 818 profari.

164 857 194 912 15
210 849 247 909 At
269 867 448 928 quamquam
464 848 559 910 celeri
580 854 695 927 peteret
716 847 811 910 scalae
833 847 924 910 ardua
945 868 1046 928 passu,

210 958 295 1020 Haud
317 965 403 1038 pater
424 957 474 1018 ille
495 975 580 1019 meus
602 955 697 1018 dulcis
719 957 845 1020 cessavit
866 964 895 1018 et
915 957 994 1020 infit:
1101 1011 1103 1024 ,

211 1067 299 1128 Solve
321 1085 422 1130 arcum
443 1066 534 1142 tandi,
557 1065 717 1129 adductmn
738 1065 906 1127 curvamine
928 1068 965 1129 ad
987 1087 1081 1148 usqne

211 1177 360 1250 Ferreum
378 1177 525 1256 utrimque
546 1184 644 1256 caput.
677 1175 761 1238 Tunc
782 1183 844 1236 tuto
866 1174 948 1238 labra
969 1178 1123 1240 resolvens

212 1286 322 1365 Coepi:
346 1285 404 1358 Qui
425 1286 522 1366 possit
544 1285 701 1368 quisquam
722 1303 917 1358 macrescere,
939 1285 991 1347 ubi
1012 1305 1080 1350 esca

163 1404 196 1458 20
211 1395 343 1458 Membra
364 1395 443 1456 alere
464 1395 542 1456 baud
565 1414 641 1476 opus
664 1392 733 1458 est?
755 1427 797 1439 —
817 1392 941 1456 Mentori
963 1395 1109 1458 simente
1130 1396 1253 1472 volutas,

212 1505 250 1566 Ut
271 1503 420 1584 quondam
441 1505 579 1578 Aonides,
603 1511 779 1584 consumpto
802 1501 913 1584 stipite,
936 1505 1050 1585 etipse

214 1614 414 1694 consumptus
435 1614 539 1688 luerit,¹
556 1631 616 1675 non
638 1621 668 1676 te
691 1613 871 1686 sinceriter,
894 1613 1000 1693 inquit,

212 1725 293 1786 llaec
314 1742 363 1786 res
386 1724 526 1785 alliceret.
566 1723 646 1785 -Tum
668 1723 694 1783 si
713 1731 811 1784 tecum
832 1723 898 1802 ipsc
918 1723 1048 1803 putabis,

213 1834 251 1896 Ut
271 1840 385 1894 motum
407 1831 443 1894 ad
465 1840 595 1896 vestrum
615 1840 698 1894 motu
719 1832 883 1912 respondet
903 1834 1009 1896 eodem

165 1944 317 2007 calestra
339 1961 457 2024 quoque
479 1942 510 2003 in
532 1942 656 2022 speculo
680 1942 804 2018 effigies,
826 1941 879 2003 tibi
900 1943 990 2004 molle
1011 1943 1135 2019 videbis,

215 2052 303 2126 Quod
325 2052 421 2114 visiun
443 2059 489 2114 est
509 2052 626 2114 durum.
670 2050 729 2112 Sed
742 2051 779 2120 si
800 2051 859 2114 lert
879 2052 933 2114 ista
957 2053 1065 2132 cupido

213 2161 277 2224 Hac
298 2162 392 2240 magis
411 2161 544 2241 inspecta
565 2161 685 2240 penitus
706 2161 894 2241 requiescere
917 2179 1032 2236 caussa,

214 2273 293 2336 Ecce
314 2271 367 2334 tibi
389 2271 523 2345 Seuerus,
546 2289 635 2351 quem
655 2289 749 2352 posco
770 2289 843 2334 voce
863 2289 1041 2353 precorque,

216 2381 339 2444 Sedebit
359 2380 472 2461 plagas.
495 2413 535 2426 -
558 2380 591 2442 Si
613 2388 642 2442 te
663 2388 821 2460 praesente
843 2380 960 2443 resolvo

168 2499 199 2552 3⁰
214 2492 292 2554 lluic
312 2491 434 2564 nodum,
458 2489 570 2554 aeterni
592 2508 680 2570 quern
701 2491 794 2552 nectit
810 2490 921 2570 judicis
943 2491 996 2564 ira,

215 2600 383 2682 Respondit
404 2600 539 2670 Srnrrus,
561 2600 660 2662 lassus
681 2619 729 2662 mo
751 2619 842 2680 posse
864 2619 972 2680 negare

216 2712 264 2775 Nil
286 2711 350 2786 tibi,
373 2710 535 2790 deposcam
555 2710 681 2772 veniam.
724 2710 799 2772 Dein
820 2710 929 2773 talibus
951 2711 1029 2774 infit:

218 2823 250 2885 Si
273 2840 348 2902 qnae
370 2820 458 2882 verba
480 2817 596 2900 loquor,
619 2819 670 2893 lili,
692 2827 724 2884 tu
745 2828 844 2883 mente
865 2801 981 2883 volutas

216 2933 259 2994 Ac
280 2930 401 3010 recipis,
423 2947 559 2992 caussam
582 2929 736 3008 quaerenti
756 2929 868 2992 lumina
889 2931 1043 3011 praebent.

170 3041 201 3096 ³5
218 3040 346 3118 Sanguis
366 3041 527 3120 perlectus,
548 3038 668 3100 bibulae
691 3059 780 3119 quem
800 3039 920 3102 haurire
941 3049 1082 3104 recusant

218 3152 327 3225 Venae,
350 3150 461 3230 quique
482 3156 588 3222 manet,
611 3147 719 3229 patinis
741 3148 821 3210 velut
842 3167 911 3210 esca
931 3149 1063 3222 remotis,

219 3263 282 3325 lmo
304 3261 335 3322 in
358 3259 449 3322 corde
470 3253 527 3320 sibi
547 3258 608 3319 vim
630 3258 728 3332 sumit,
752 3277 826 3340 qnae
848 3258 946 3320 omnia
967 3258 1100 3320 membra

218 3370 354 3433 Humana
374 3369 522 3441 informat,
546 3387 601 3430 ceu
624 3367 729 3449 quise
751 3367 877 3428 ellundit
896 3367 1000 3430 inanes

220 3481 346 3560 Sanguis
367 3497 424 3560 per
443 3497 543 3551 venas,
565 3485 599 3538 ut
620 3496 686 3540 sese
708 3484 801 3540 vertat
822 3476 853 3538 in
875 3476 935 3540 illa.

171 3599 204 3652 lo
219 3593 295 3654 Dein
317 3590 448 3669 digestus
471 3587 539 3660 abit,
564 3606 622 3666 quo
645 3606 706 3648 non
728 3595 773 3650 est
795 3587 895 3650 dicere
917 3586 1051 3662 honeste,

219 3701 315 3782 Atque
337 3699 387 3760 hic
406 3698 516 3760 deinde
537 3697 637 3776 gemit,
660 3716 692 3759 se
715 3697 810 3761 alieno
833 3697 975 3774 sanguine
996 3698 1136 3773 miscens,

221 3811 254 3873 ln
276 3829 328 3871 vas
350 3807 487 3889 injectus,
510 3815 613 3870 natura
635 3807 714 3886 quod
736 3806 844 3870 indidit
865 3818 942 3872 ante.

221 3921 318 4000 Atque
340 3919 382 3980 ibi
404 3917 525 3996 sanguis
546 3924 672 3996 uterque
695 3917 762 3990 coit,
785 3918 882 3980 lacere
904 3919 960 3980 iste
981 3925 1111 4000 paratus,

221 4030 281 4092 Iste
302 4028 372 4108 pati,
395 4027 461 4088 loca
484 4027 605 4089 sortitus
626 4028 757 4108 perlecta
779 4035 926 4107 receptus

172 4139 306 4202 tellude
329 4137 417 4200 simul
438 4137 592 4216 premitur.
637 4137 688 4200 Sic
705 4136 826 4217 junctus
847 4138 959 4200 viribus
981 4139 1025 4200 uti

222 4249 339 4328 Incipit,
361 4247 518 4328 inprimis
540 4265 573 4309 se
596 4265 715 4326 cogens
737 4246 828 4327 idque
850 4248 951 4327 vigore

223 4359 343 4432 Firmat,
367 4358 414 4420 cui
434 4358 556 4438 propria
577 4357 698 4419 dederat
720 4357 887 4420 coalescere
908 4358 1037 4439 primum

222 4467 350 4542 Materia,
373 4475 460 4547 atque
482 4467 578 4530 anima
601 4466 706 4541 evadit,
720 4486 802 4547 ⁴quae
824 4467 961 4548 proditur
982 4477 1048 4530 actu
