3214 5400
348 524 407 588 188
783 524 964 576 rttnottotttt
982 527 1039 576 xtv.

303 619 382 628 ...—

409 745 456 808 bic
477 762 571 825 penes
592 744 697 807 affines
719 744 796 806 tama
817 761 848 805 ru
871 743 994 806 meliore
1016 760 1137 826 repone,

346 869 394 923 lto
411 855 494 929 Quos
516 855 566 917 illo
588 872 679 916 sanae
700 853 806 916 mistos
829 854 962 916 examine
984 854 1081 931 gentis

411 965 532 1037 Cernes,
555 981 643 1043 quam
666 962 809 1025 Telamon
830 963 922 1025 inuita
944 981 998 1042 spe
1021 963 1125 1038 iacun
1147 964 1265 1026 atilios

410 1074 482 1136 Plus
504 1074 579 1134 baec
600 1091 671 1153 spes
693 1072 785 1146 ludet,
808 1090 897 1153 quarn
919 1091 986 1135 cunr
1008 1073 1140 1153 reperire
1162 1073 1284 1136 Dianam

410 1182 577 1261 Ardebaut3
598 1201 698 1248 rerum
720 1182 875 1246 nauarchis
896 1182 964 1263 pius
985 1182 1144 1246 emunctis.

902 1443 985 1528 xit.

411 1624 522 1704 Ecquis
545 1625 571 1687 is
594 1631 647 1696 est,
670 1623 780 1685 montis
803 1623 853 1702 qui
876 1621 970 1696 nostri
993 1622 1128 1685 circumit
1149 1623 1261 1693 orbern,

409 1735 485 1796 Ante
506 1734 565 1814 ipsi
586 1732 722 1796 volucres
746 1751 833 1812 quam
855 1750 937 1794 mors
960 1732 1102 1812 aptaverit
1124 1732 1194 1807 aias,

410 1846 507 1924 Atque
529 1844 624 1925 aperit
645 1843 814 1922 clauditque
837 1841 950 1914 oculos,
972 1849 1005 1903 ut
1027 1853 1134 1922 sponte
1157 1842 1249 1905 libido
1272 1842 1343 1934 est?

453 1955 512 2028 Qui
535 1953 582 2028 sit,
606 1953 683 2015 scire
704 1952 777 2014 mibi
798 1970 858 2013 non
882 1959 935 2024 est,
959 1959 1057 2014 tamen
1080 1951 1209 2014 arbitror
1229 1953 1320 2014 istum

378 2063 477 2127 tNon
499 2062 596 2126 solum
617 2062 674 2124 bos
696 2062 823 2124 intrasse
845 2060 939 2122 locos.
985 2062 1043 2136 Qui
1065 2062 1219 2142 proximus
1242 2062 1354 2137 adstas,

411 2173 542 2237 Comiter
562 2179 716 2252 acceptum
738 2172 855 2246 scituro,
878 2179 910 2234 ut
931 2188 1003 2234 vcoe
1025 2173 1174 2251 loquatur.

411 2284 493 2346 Haeo
514 2284 600 2356 duae,
622 2290 765 2362 utraeque
787 2281 911 2343 buntaro
935 2281 1056 2344 alterius
1079 2301 1170 2362 super
1191 2281 1407 2362 impendentes

412 2393 539 2456 Umbrae
561 2392 602 2454 ibi
624 2393 811 2454 dextrorsum
833 2392 870 2454 de
892 2409 940 2454 ine
963 2409 1102 2454 sermone
1124 2390 1278 2467 serebant3

411 2503 525 2566 Deinde
546 2501 697 2564 locuturae
718 2501 799 2562 visus
821 2501 921 2562 iecere
944 2501 1078 2581 supinos,

363 2624 396 2676 1⁰
411 2615 506 2694 Atque
528 2631 601 2676 uua:
624 2611 649 2674 0
672 2589 777 2684 anima,
800 2611 905 2692 inquit,
929 2611 1026 2673 adbuc
1048 2629 1124 2692 quae
1147 2612 1265 2691 corpori
1287 2612 1444 2674 inhaerens

412 2722 535 2785 Goelum
558 2720 747 2794 conscendis,
771 2739 892 2800 quaeso,
914 2720 1014 2783 solaro
1036 2729 1175 2798 rogantes

410 2833 516 2911 Atque,
537 2831 617 2894 unde
639 2837 667 2892 et
690 2830 741 2908 qui
764 2830 815 2904 sis,
838 2830 967 2892 humane
988 2830 1122 2894 edissere
1144 2831 1243 2893 nobis.

410 2942 545 3021 Namque
567 2948 689 3020 empore
710 2947 792 3002 tenet
813 2948 894 3002 tanto
916 2949 965 3002 tua
987 2941 1079 3019 gratia
1100 2949 1230 3002 mentem

410 3051 504 3114 Nobis
527 3051 660 3124 defixam,
683 3056 716 3112 ut
737 3069 812 3131 quae
834 3069 986 3130 uunquam
1007 3058 1077 3112 nom
1100 3051 1193 3112 suere.

362 3169 394 3225 15
411 3161 606 3243 Exspatiattu,
630 3177 732 3239 agnum
753 3159 888 3223 lambens
910 3160 1051 3234 medium,
1074 3161 1151 3223 iuter
1171 3161 1335 3222 Hetruscos

411 3271 593 3342 Amnicuius,
617 3270 685 3345 dixi,
708 3270 757 3332 oui
778 3269 935 3334 Falterona
957 3270 1007 3332 dat
1029 3279 1135 3345 ortum,
1236 3261 1240 3266 ’

411 3382 474 3444 Nec
496 3382 566 3445 satis
589 3387 637 3442 est
656 3380 707 3442 isti
728 3397 905 3460 percurrere
926 3378 1018 3442 millia
1042 3389 1169 3443 centum.

411 3492 484 3553 lnde
505 3508 595 3571 supra
616 3491 777 3551 basonus
799 3489 934 3569 deporto,
959 3498 989 3552 et
1009 3509 1084 3553 rana
1105 3489 1235 3571 requiris

411 3600 563 3662 Hortando
586 3600 652 3675 tari,
675 3600 726 3680 qui
749 3599 814 3672 sim,
837 3617 965 3678 namque
987 3601 1131 3663 hactenus
1154 3619 1240 3663 auras

360 3725 395 3776 2⁰
410 3711 496 3802 Hpud
517 3729 584 3773 mea
605 3710 760 3791 personuit
781 3717 827 3770 sat
849 3709 1101 3773 claro'murmure
1124 3712 1210 3772 sama.

454 3820 489 3882 Si
507 3819 585 3882 bene
607 3820 741 3900 percipio
763 3819 884 3899 penitus
906 3828 956 3882 tua
978 3829 1101 3901 pectore
1124 3839 1220 3894 sensa,

412 3929 586 4011 Respondit,
609 3931 660 4010 qui
681 3930 759 3992 iatus
781 3937 846 3990 erat
865 3931 956 4010 prior,
979 3931 1079 3993 innuis
1098 3931 1221 3992 Arnum.

411 4041 507 4120 Atque
529 4040 568 4102 ait
589 4041 638 4101 hic
659 4039 748 4101 aiter:
772 4039 832 4100 Cur
852 4040 908 4102 iste
929 4041 1073 4102 vocabula
1095 4048 1190 4102 terrae

412 4149 494 4211 illius
515 4151 605 4212 modo
628 4168 683 4211 uos
707 4148 792 4221 celat,
814 4148 893 4210 velut
914 4149 1035 4212 horrida
1057 4146 1160 4213 dictu?

361 4273 394 4327 25
413 4260 555 4340 Quaeque
577 4266 678 4338 rogata
700 4257 765 4332 tuit,
787 4259 910 4339 proprio
933 4260 979 4322 sic
999 4279 1121 4322 munere
1144 4261 1244 4321 functa
1266 4267 1314 4321 est

412 4369 535 4432 Umbra:
558 4369 643 4432 Haud
665 4370 722 4431 ista
744 4369 818 4443 seio,
842 4387 943 4436 verum
965 4369 1054 4451 hujus
1077 4371 1196 4432 nomina
1217 4369 1302 4431 valiis

413 4481 488 4542 Sunt
510 4479 606 4557 digna,
629 4488 663 4541 ut
684 4487 821 4560 pereant:
845 4497 912 4542 nam
935 4479 1029 4560 prima
1052 4481 1088 4544 ab
1108 4481 1232 4558 origine,
1254 4478 1305 4542 ubi
1328 4497 1429 4541 anonis.
1516 4502 1519 4547 t

711 4681 900 4692 ι-ι-ι-ιι--ιι-
