3362 5414
320 571 361 639 2⁰
752 567 965 624 ‘rursauoeuu
984 571 1008 620 r.

338 906 370 959 ³5
388 901 517 982 Imperio
542 900 620 980 turpi
642 901 786 962 rationem
810 901 938 961 subdere
961 899 1066 960 suasit.

388 1013 430 1072 Ac
451 1010 541 1075 veluti
562 1010 701 1090 propriae
723 1009 850 1072 brumali
873 1018 1007 1088 tempore
1031 1025 1145 1088 pennae

388 1123 421 1182 ln
445 1139 544 1200 gyrum
568 1121 627 1182 lato
650 1119 829 1196 glomeratos
853 1118 971 1196 agmine
994 1128 1125 1188 sturnos,

389 1229 440 1292 Sic
462 1230 576 1291 animas
598 1247 704 1308 pravas
726 1229 853 1306 agitatae
876 1229 999 1308 spiritus
1022 1246 1111 1288 aurae

389 1339 451 1402 iiac
473 1339 541 1400 iilac
563 1339 672 1416 abigit,
695 1339 817 1400 volvens
839 1357 957 1400 sursum
981 1345 1069 1416 atque
1092 1338 1251 1400 deorsum:

338 1452 372 1502 4⁰
388 1450 543 1530 Nunquam
567 1449 680 1510 solatur·
701 1448 797 1510 iassas
820 1466 891 1526 spes
914 1447 971 1508 ulia
996 1446 1116 1525 quietis,

387 1560 502 1620 Nedum
525 1576 687 1637 poenarum
710 1557 807 1620 minus
830 1557 891 1618 aori
913 1573 1023 1634 angore
1037 1565 1241 1635 prementum.

389 1669 483 1748 thue
507 1686 595 1745 grues
619 1667 690 1730 dare
713 1666 797 1744 signa
820 1666 933 1738 solent,
957 1675 987 1727 et
1008 1666 1132 1744 lugubre
1154 1683 1273 1730 carmen

389 1779 484 1840 Edere
507 1795 580 1838 voce
602 1795 670 1848 sua,
694 1776 764 1838 dum
787 1785 905 1838 tranant
927 1776 1046 1838 aethera
1070 1775 1176 1853 longos

390 1887 549 1965 Signantes
571 1896 699 1949 tractus:
723 1895 784 1948 tum
807 1886 852 1948 sic
874 1885 1017 1948 accedere
1041 1885 1099 1946 vidi

338 2008 372 2060 to
390 1999 543 2060 Clamores
565 1996 668 2058 tristes
691 1996 751 2058 imo
775 1995 812 2058 de
835 1995 926 2058 corde
950 1996 1112 2065 trahentes,

389 2091 509 2168 Viribus
531 2107 672 2186 abreptas
695 2105 766 2168 dicti
790 2105 862 2166 mibi
887 2104 1014 2168 turbinis
1038 2104 1168 2168 umbras.
1241 2098 1244 2107 '

434 2217 532 2290 Quare
555 2233 610 2294 ege
632 2225 696 2278 tutu
718 2215 792 2276 disi:
818 2216 973 2288 Quaenam
994 2233 1068 2293 gens
1091 2215 1163 2282 ista,
1187 2215 1338 2292 magister,

391 2327 485 2400 Quam
508 2335 590 2386 tanto
614 2327 742 2403 exagitat
764 2325 897 2402 caligans
920 2344 991 2387 aura
1012 2322 1139 2386 labore?

391 2435 473 2508 Quae
497 2435 580 2514 prior
601 2447 670 2498 aute
692 2435 788 2507 aiios,
809 2451 885 2514 quos
908 2443 939 2496 tu
961 2434 1137 2512 dignoscere
1160 2435 1262 2513 gestis,

338 2553 371 2604 ee
388 2544 506 2612 Evolat,
530 2545 604 2606 iraee
626 2545 733 2606 multas
755 2554 858 2622 gentes
881 2554 968 2625 atque
992 2563 1043 2607 usa
1066 2543 1195 2624 ioqueiis

389 2654 488 2716 biuitis
511 2672 601 2732 regna
624 2653 736 2714 babuit.
781 2652 853 2714 Tam
876 2673 1022 2734 praeceps
1046 2655 1101 2717 ista
1124 2655 1283 2716 nefandam

389 2765 422 2825 iu
446 2765 589 2826 Venerem
612 2764 687 2840 ruit,
710 2772 756 2835 ut,
781 2763 924 2843 quidquid
948 2764 1047 2837 iubet,
1071 2783 1158 2826 omne
1181 2764 1272 2826 liuere

387 2874 532 2946 Jusserit,
556 2874 586 2936 id
609 2893 750 2952 sperans,
775 2873 887 2952 inquit,
911 2873 969 2934 sibi
992 2874 1111 2939 demere
1134 2874 1200 2952 iege

389 2982 452 3044 iiac
474 3002 564 3068 posse
587 2983 797 3062 opprobrium:
822 3001 881 3063 quo
905 2995 949 3046 est
972 2991 1064 3054 meta,
1089 2985 1253 3046 Sumnuns
1276 2982 1319 3046 iiii

340 3098 372 3150 55
389 3093 504 3154 Nomen
527 3093 622 3164 inest,
645 3101 675 3154 et
696 3094 884 3156 successisse
905 3094 998 3165 Narro,
1022 3103 1111 3172 atque
1134 3095 1228 3156 fuisse

389 3202 505 3264 Dicitur
526 3202 596 3263 buio
619 3221 742 3282 conjux,
766 3212 874 3264 terram
898 3204 1109 3282 dominatauue
1131 3203 1162 3264 in
1184 3204 1274 3273 iilam,
1331 3231 1336 3242 ·

391 3312 475 3385 Quae
498 3331 576 3374 nuno
599 3311 731 3374 Ouarsro
755 3313 847 3374 servit
868 3314 1003 3394 subjecta
1026 3321 1159 3393 tyranne.
1272 3361 1278 3368 .

389 3421 470 3484 Haec
492 3430 554 3494 est,
578 3441 653 3500 quae
676 3424 737 3501 egit
759 3443 863 3486 amans
885 3443 939 3486 sua
962 3443 1016 3503 por
1038 3423 1214 3503 praecordia
1239 3424 1358 3492 terrum,

390 3531 473 3593 Unde
496 3540 543 3594 eat
564 3532 659 3611 prima
681 3533 756 3595 fides
779 3533 874 3596 cineri
896 3533 1006 3596 violata
1027 3537 1159 3598 Stenaer.
1239 3591 1242 3600 Δ

341 3651 374 3701 60
391 3642 465 3702 Dein
488 3641 664 3702 Cusuetani
686 3643 781 3716 venit,
806 3643 945 3704 meretrix
967 3644 1070 3721 regina
1093 3643 1217 3723 Canopi.

391 3750 458 3812 Vidi
479 3751 639 3824 Hanunea,
663 3769 718 3830 per
740 3771 828 3831 quam
851 3759 895 3812 tot
916 3752 1012 3814 tristia
1035 3761 1169 3833 tempora
1192 3753 1307 3816 coelum

393 3860 540 3932 Verterat,
564 3869 594 3922 et
615 3879 754 3938 magnum
775 3861 916 3941 prospexi
939 3861 1080 3926 incedere
1101 3864 1269 3935 donauerat,

393 3969 447 4030 Cui
469 3969 588 4030 taudem
611 3971 762 4049 persuasit
784 3991 868 4034 amor
889 3971 1051 4034 decernere
1074 3973 1187 4034 dextra.

393 4078 542 4166 conspexi
563 4079 700 4142 Paaruuu
723 4089 753 4142 et
774 4080 963 4156 Tarsmnuua
985 4081 1079 4145 millia
1100 4083 1185 4163 plura
1223 4163 1226 4172 1

342 4194 374 4261 65
393 4187 568 4250 Umbrarum
592 4191 738 4263 ostendit,
762 4191 916 4271 digitoque
938 4204 969 4254 et
989 4193 1111 4255 nomine
1133 4193 1241 4256 multas

271 4297 274 4383 i
394 4297 543 4374 signavit,
568 4317 642 4379 quas
665 4300 748 4362 dirus
770 4319 857 4364 amor
878 4282 1062 4364 demerserat
1084 4302 1173 4365 Orco.

272 4386 274 4462 i
394 4408 431 4470 Ut
452 4417 584 4470 veterum
607 4409 705 4472 audiri
728 4419 914 4491 matrumque
934 4412 1090 4492 uirumque
1111 4414 1302 4494 loquentem.

188 769 190 778 ,
389 792 464 854 Tum
488 790 595 863 didici,
620 791 672 852 bic
695 790 822 854 cruciari
845 791 975 864 animas,
1001 807 1075 869 quas
1097 787 1161 849 dira
1185 788 1293 867 cupido
1356 861 1357 866 ἵ

272 4475 276 4566 i
392 4517 520 4580 Nomina
542 4521 710 4593 doctorem,
734 4519 831 4600 pietas
853 4539 900 4582 me
922 4522 993 4586 vicit
1014 4532 1044 4586 et
1065 4523 1164 4584 omnis

272 4571 893 4734 μὴ
