<?xml version="1.0" encoding="UTF-8"?>
<!DOCTYPE html PUBLIC "-//W3C//DTD XHTML 1.0 Transitional//EN"
    "http://www.w3.org/TR/xhtml1/DTD/xhtml1-transitional.dtd">
<html xmlns="http://www.w3.org/1999/xhtml" xml:lang="en" lang="en">
 <head>
  <title>
</title>
<meta http-equiv="Content-Type" content="text/html;charset=utf-8" />
  <meta name='ocr-system' content='tesseract 3.04.00' />
  <meta name='ocr-capabilities' content='ocr_page ocr_carea ocr_par ocr_line ocrx_word'/>
</head>
<body>
  <div class='ocr_page' id='page_1' title='image "./divinacomoedia01piazgoog_0339.png"; bbox 0 0 3234 5396; ppageno 0'>
   <div class='ocr_carea' id='block_1_1' title="bbox 350 515 1009 578">
    <p class='ocr_par' dir='ltr' id='par_1_1' title="bbox 350 515 1009 578">
     <span class='ocr_line' id='line_1_1' title="bbox 350 515 1009 578; baseline -0.018 0"><span class='ocrx_word' id='word_1_1' title='bbox 350 515 413 578; x_wconf 69' lang='lat'>282</span> <span class='ocrx_word' id='word_1_2' title='bbox 822 517 955 568; x_wconf 73' lang='lat' dir='ltr'>sennensi</span> <span class='ocrx_word' id='word_1_3' title='bbox 974 517 1009 567; x_wconf 88' lang='lat' dir='ltr'>u.</span> 
     </span>
    </p>
   </div>
   <div class='ocr_carea' id='block_1_2' title="bbox 309 609 555 620">
    <p class='ocr_par' dir='ltr' id='par_1_2' title="bbox 309 609 555 620">
     <span class='ocr_line' id='line_1_2' title="bbox 309 609 555 620; baseline -0.008 -2"><span class='ocrx_word' id='word_1_4' title='bbox 309 609 555 620; x_wconf 76' lang='lat'><strong>-—-··—--—-—·-—</strong></span> 
     </span>
    </p>
   </div>
   <div class='ocr_carea' id='block_1_3' title="bbox 350 733 1329 3015">
    <p class='ocr_par' dir='ltr' id='par_1_3' title="bbox 350 733 1329 3015">
     <span class='ocr_line' id='line_1_3' title="bbox 418 733 1247 809; baseline 0.002 -12"><span class='ocrx_word' id='word_1_5' title='bbox 418 735 515 809; x_wconf 84' lang='lat' dir='ltr'>Quam</span> <span class='ocrx_word' id='word_1_6' title='bbox 536 735 651 808; x_wconf 80' lang='lat' dir='ltr'>merita,</span> <span class='ocrx_word' id='word_1_7' title='bbox 673 733 781 798; x_wconf 84' lang='lat' dir='ltr'><strong>avulsit</strong></span> <span class='ocrx_word' id='word_1_8' title='bbox 802 734 898 796; x_wconf 84' lang='lat' dir='ltr'>duleis</span> <span class='ocrx_word' id='word_1_9' title='bbox 921 753 968 798; x_wconf 83' lang='lat' dir='ltr'>mn</span> <span class='ocrx_word' id='word_1_10' title='bbox 991 735 1093 798; x_wconf 82' lang='lat' dir='ltr'>limine</span> <span class='ocrx_word' id='word_1_11' title='bbox 1115 737 1247 802; x_wconf 79' lang='lat' dir='ltr'><strong>claustri.</strong></span> 
     </span>
     <span class='ocr_line' id='line_1_4' title="bbox 351 844 1199 926; baseline 0.009 -23"><span class='ocrx_word' id='word_1_12' title='bbox 351 851 400 905; x_wconf 86' lang='lat'>105</span> <span class='ocrx_word' id='word_1_13' title='bbox 417 845 527 908; x_wconf 79' lang='lat' dir='ltr'><strong>Testor</strong></span> <span class='ocrx_word' id='word_1_14' title='bbox 548 863 603 924; x_wconf 84' lang='lat' dir='ltr'>ego</span> <span class='ocrx_word' id='word_1_15' title='bbox 627 846 769 926; x_wconf 81' lang='lat' dir='ltr'>Superos,</span> <span class='ocrx_word' id='word_1_16' title='bbox 793 844 888 924; x_wconf 79' lang='lat' dir='ltr'>qualis</span> <span class='ocrx_word' id='word_1_17' title='bbox 910 853 982 924; x_wconf 79' lang='lat' dir='ltr'>post</span> <span class='ocrx_word' id='word_1_18' title='bbox 1001 845 1052 908; x_wconf 88' lang='lat' dir='ltr'>illa</span> <span class='ocrx_word' id='word_1_19' title='bbox 1074 845 1199 910; x_wconf 88' lang='lat' dir='ltr'>dolenda</span> 
     </span>
     <span class='ocr_line' id='line_1_5' title="bbox 416 953 1237 1028; baseline 0.005 -12"><span class='ocrx_word' id='word_1_20' title='bbox 416 957 481 1018; x_wconf 72' lang='lat' dir='ltr'>Vita</span> <span class='ocrx_word' id='word_1_21' title='bbox 503 955 576 1016; x_wconf 87' lang='lat' dir='ltr'>mihi</span> <span class='ocrx_word' id='word_1_22' title='bbox 599 955 700 1018; x_wconf 83' lang='lat' dir='ltr'>suerit.</span> <span class='ocrx_word' id='word_1_23' title='bbox 743 955 828 1028; x_wconf 78' lang='lat' dir='ltr'>Quae</span> <span class='ocrx_word' id='word_1_24' title='bbox 850 973 884 1016; x_wconf 83' lang='lat' dir='ltr'>se</span> <span class='ocrx_word' id='word_1_25' title='bbox 905 953 954 1018; x_wconf 86' lang='lat' dir='ltr'>lux</span> <span class='ocrx_word' id='word_1_26' title='bbox 977 957 1068 1019; x_wconf 78' lang='lat' dir='ltr'>aliena</span> <span class='ocrx_word' id='word_1_27' title='bbox 1090 965 1237 1020; x_wconf 73' lang='lat' dir='ltr'>monstrat</span> 
     </span>
     <span class='ocr_line' id='line_1_6' title="bbox 417 1064 1277 1144; baseline 0 -16"><span class='ocrx_word' id='word_1_28' title='bbox 417 1067 523 1128; x_wconf 82' lang='lat' dir='ltr'>Dextra</span> <span class='ocrx_word' id='word_1_29' title='bbox 544 1065 618 1126; x_wconf 87' lang='lat' dir='ltr'>mibi</span> <span class='ocrx_word' id='word_1_30' title='bbox 639 1064 766 1142; x_wconf 79' lang='lat' dir='ltr'>fulgens,</span> <span class='ocrx_word' id='word_1_31' title='bbox 789 1081 923 1144; x_wconf 85' lang='lat' dir='ltr'>quaeque</span> <span class='ocrx_word' id='word_1_32' title='bbox 945 1065 1028 1128; x_wconf 81' lang='lat' dir='ltr'>ardet</span> <span class='ocrx_word' id='word_1_33' title='bbox 1047 1065 1161 1130; x_wconf 87' lang='lat' dir='ltr'>lumine</span> <span class='ocrx_word' id='word_1_34' title='bbox 1182 1067 1277 1129; x_wconf 81' lang='lat' dir='ltr'>nostri</span> 
     </span>
     <span class='ocr_line' id='line_1_7' title="bbox 418 1173 1207 1254; baseline 0.001 -16"><span class='ocrx_word' id='word_1_35' title='bbox 418 1177 495 1238; x_wconf 79' lang='lat' dir='ltr'><strong>Toto</strong></span> <span class='ocrx_word' id='word_1_36' title='bbox 518 1174 610 1248; x_wconf 82' lang='lat' dir='ltr'>orbis,</span> <span class='ocrx_word' id='word_1_37' title='bbox 634 1173 778 1254; x_wconf 89' lang='lat' dir='ltr'>quidquid</span> <span class='ocrx_word' id='word_1_38' title='bbox 801 1174 839 1235; x_wconf 89' lang='lat' dir='ltr'>de</span> <span class='ocrx_word' id='word_1_39' title='bbox 861 1193 908 1238; x_wconf 88' lang='lat' dir='ltr'>me</span> <span class='ocrx_word' id='word_1_40' title='bbox 930 1193 996 1236; x_wconf 86' lang='lat' dir='ltr'>snm</span> <span class='ocrx_word' id='word_1_41' title='bbox 1019 1175 1207 1249; x_wconf 65' lang='lat' dir='ltr'>farisnonia,</span> 
     </span>
     <span class='ocr_line' id='line_1_8' title="bbox 417 1283 1289 1365; baseline -0.001 -18"><span class='ocrx_word' id='word_1_42' title='bbox 417 1288 484 1349; x_wconf 79' lang='lat' dir='ltr'>Vult</span> <span class='ocrx_word' id='word_1_43' title='bbox 505 1286 542 1347; x_wconf 89' lang='lat' dir='ltr'>de</span> <span class='ocrx_word' id='word_1_44' title='bbox 565 1304 598 1346; x_wconf 88' lang='lat' dir='ltr'>se</span> <span class='ocrx_word' id='word_1_45' title='bbox 620 1283 761 1365; x_wconf 86' lang='lat' dir='ltr'>accipias,</span> <span class='ocrx_word' id='word_1_46' title='bbox 784 1303 912 1364; x_wconf 76' lang='lat' dir='ltr'>seseque</span> <span class='ocrx_word' id='word_1_47' title='bbox 933 1285 1028 1347; x_wconf 82' lang='lat' dir='ltr'>inisse</span> <span class='ocrx_word' id='word_1_48' title='bbox 1049 1303 1185 1352; x_wconf 84' lang='lat' dir='ltr'>sororem</span> <span class='ocrx_word' id='word_1_49' title='bbox 1283 1350 1289 1362; x_wconf 65' lang='grc'>,</span> 
     </span>
     <span class='ocr_line' id='line_1_9' title="bbox 352 1393 1282 1476; baseline -0.006 -14"><span class='ocrx_word' id='word_1_50' title='bbox 352 1411 400 1462; x_wconf 84' lang='grc'>110</span> <span class='ocrx_word' id='word_1_51' title='bbox 417 1397 503 1469; x_wconf 82' lang='lat' dir='ltr'>Dicit,</span> <span class='ocrx_word' id='word_1_52' title='bbox 526 1395 574 1457; x_wconf 87' lang='lat' dir='ltr'>eni</span> <span class='ocrx_word' id='word_1_53' title='bbox 596 1393 702 1476; x_wconf 75' lang='lat' dir='ltr'>eapitis</span> <span class='ocrx_word' id='word_1_54' title='bbox 724 1402 872 1456; x_wconf 81' lang='lat' dir='ltr'>sacratum</span> <span class='ocrx_word' id='word_1_55' title='bbox 895 1402 941 1456; x_wconf 79' lang='lat' dir='ltr'>nsi</span> <span class='ocrx_word' id='word_1_56' title='bbox 961 1405 1080 1471; x_wconf 79' lang='lat' dir='ltr'>tegmen</span> <span class='ocrx_word' id='word_1_57' title='bbox 1102 1395 1282 1474; x_wconf 83' lang='lat' dir='ltr'>adempium.</span> 
     </span>
     <span class='ocr_line' id='line_1_10' title="bbox 418 1504 1294 1586; baseline -0.001 -17"><span class='ocrx_word' id='word_1_58' title='bbox 418 1508 477 1570; x_wconf 89' lang='lat' dir='ltr'>Sed</span> <span class='ocrx_word' id='word_1_59' title='bbox 500 1505 641 1586; x_wconf 88' lang='lat' dir='ltr'>quoniam</span> <span class='ocrx_word' id='word_1_60' title='bbox 664 1505 702 1566; x_wconf 86' lang='lat' dir='ltr'>ad</span> <span class='ocrx_word' id='word_1_61' title='bbox 723 1514 839 1566; x_wconf 71' lang='lat' dir='ltr'>vestros</span> <span class='ocrx_word' id='word_1_62' title='bbox 859 1505 967 1567; x_wconf 73' lang='lat' dir='ltr'>fluetus</span> <span class='ocrx_word' id='word_1_63' title='bbox 989 1504 1080 1567; x_wconf 75' lang='lat' dir='ltr'>invita</span> <span class='ocrx_word' id='word_1_64' title='bbox 1102 1505 1222 1568; x_wconf 72' lang='lat' dir='ltr'>reducta</span> <span class='ocrx_word' id='word_1_65' title='bbox 1247 1513 1294 1568; x_wconf 86' lang='lat' dir='ltr'>est</span> 
     </span>
     <span class='ocr_line' id='line_1_11' title="bbox 415 1614 1327 1696; baseline -0.002 -18"><span class='ocrx_word' id='word_1_66' title='bbox 415 1618 469 1680; x_wconf 77' lang='lat' dir='ltr'>ius</span> <span class='ocrx_word' id='word_1_67' title='bbox 492 1624 594 1678; x_wconf 76' lang='lat' dir='ltr'>eontra</span> <span class='ocrx_word' id='word_1_68' title='bbox 616 1633 789 1694; x_wconf 84' lang='lat' dir='ltr'>moremque</span> <span class='ocrx_word' id='word_1_69' title='bbox 810 1614 932 1687; x_wconf 88' lang='lat' dir='ltr'>bonum,</span> <span class='ocrx_word' id='word_1_70' title='bbox 955 1633 1107 1696; x_wconf 89' lang='lat' dir='ltr'>uunquam</span> <span class='ocrx_word' id='word_1_71' title='bbox 1128 1615 1177 1676; x_wconf 88' lang='lat' dir='ltr'>illa</span> <span class='ocrx_word' id='word_1_72' title='bbox 1200 1615 1327 1677; x_wconf 77' lang='lat' dir='ltr'>seinaim</span> 
     </span>
     <span class='ocr_line' id='line_1_12' title="bbox 417 1725 1311 1802; baseline -0.004 -12"><span class='ocrx_word' id='word_1_73' title='bbox 417 1728 477 1790; x_wconf 84' lang='lat' dir='ltr'>Con</span> <span class='ocrx_word' id='word_1_74' title='bbox 496 1725 601 1789; x_wconf 85' lang='lat' dir='ltr'>habuit</span> <span class='ocrx_word' id='word_1_75' title='bbox 620 1725 696 1788; x_wconf 86' lang='lat' dir='ltr'>velo.</span> <span class='ocrx_word' id='word_1_76' title='bbox 739 1725 802 1786; x_wconf 84' lang='lat' dir='ltr'>Lux</span> <span class='ocrx_word' id='word_1_77' title='bbox 822 1725 898 1786; x_wconf 85' lang='lat' dir='ltr'>haee</span> <span class='ocrx_word' id='word_1_78' title='bbox 920 1725 1107 1788; x_wconf 76' lang='lat' dir='ltr'>Consanum</span> <span class='ocrx_word' id='word_1_79' title='bbox 1127 1743 1233 1802; x_wconf 80' lang='lat' dir='ltr'>magna</span> <span class='ocrx_word' id='word_1_80' title='bbox 1257 1735 1311 1796; x_wconf 82' lang='lat' dir='ltr'>est,</span> 
     </span>
     <span class='ocr_line' id='line_1_13' title="bbox 418 1835 1219 1912; baseline -0.004 -14"><span class='ocrx_word' id='word_1_81' title='bbox 418 1837 502 1910; x_wconf 86' lang='lat' dir='ltr'>Quae</span> <span class='ocrx_word' id='word_1_82' title='bbox 517 1855 550 1897; x_wconf 91' lang='lat' dir='ltr'>se</span> <span class='ocrx_word' id='word_1_83' title='bbox 572 1853 608 1898; x_wconf 86' lang='lat' dir='ltr'>ex</span> <span class='ocrx_word' id='word_1_84' title='bbox 630 1836 794 1898; x_wconf 83' lang='lat' dir='ltr'>Suevonum</span> <span class='ocrx_word' id='word_1_85' title='bbox 815 1841 903 1896; x_wconf 80' lang='lat' dir='ltr'>vento</span> <span class='ocrx_word' id='word_1_86' title='bbox 926 1835 1065 1912; x_wconf 80' lang='lat' dir='ltr'>genuisse</span> <span class='ocrx_word' id='word_1_87' title='bbox 1087 1837 1219 1899; x_wconf 85' lang='lat' dir='ltr'>seeundo</span> 
     </span>
     <span class='ocr_line' id='line_1_14' title="bbox 350 1945 1206 2026; baseline -0.008 -13"><span class='ocrx_word' id='word_1_88' title='bbox 350 1959 398 2013; x_wconf 83' lang='lat'>115</span> <span class='ocrx_word' id='word_1_89' title='bbox 415 1947 592 2026; x_wconf 81' lang='lat' dir='ltr'>Progeniem</span> <span class='ocrx_word' id='word_1_90' title='bbox 614 1953 724 2018; x_wconf 83' lang='lat' dir='ltr'>narrat,</span> <span class='ocrx_word' id='word_1_91' title='bbox 747 1962 824 2024; x_wconf 83' lang='lat' dir='ltr'>quan</span> <span class='ocrx_word' id='word_1_92' title='bbox 847 1945 932 2006; x_wconf 78' lang='lat' dir='ltr'>teriia</span> <span class='ocrx_word' id='word_1_93' title='bbox 954 1953 986 2007; x_wconf 79' lang='lat' dir='ltr'>et</span> <span class='ocrx_word' id='word_1_94' title='bbox 1005 1945 1109 2008; x_wconf 75' lang='lat' dir='ltr'>ultima</span> <span class='ocrx_word' id='word_1_95' title='bbox 1130 1945 1206 2026; x_wconf 87' lang='lat' dir='ltr'>lapsi</span> 
     </span>
     <span class='ocr_line' id='line_1_15' title="bbox 415 2053 1189 2135; baseline -0.003 -17"><span class='ocrx_word' id='word_1_96' title='bbox 415 2057 467 2118; x_wconf 86' lang='lat' dir='ltr'>Vis</span> <span class='ocrx_word' id='word_1_97' title='bbox 489 2057 546 2118; x_wconf 78' lang='lat' dir='ltr'>fuit</span> <span class='ocrx_word' id='word_1_98' title='bbox 566 2055 692 2135; x_wconf 78' lang='lat' dir='ltr'>imperii.</span> <span class='ocrx_word' id='word_1_99' title='bbox 715 2085 757 2100; x_wconf 89' lang='lat'>-</span> <span class='ocrx_word' id='word_1_100' title='bbox 778 2054 830 2116; x_wconf 84' lang='lat' dir='ltr'>Sin</span> <span class='ocrx_word' id='word_1_101' title='bbox 851 2053 911 2126; x_wconf 86' lang='lat' dir='ltr'>illa,</span> <span class='ocrx_word' id='word_1_102' title='bbox 934 2063 963 2117; x_wconf 85' lang='lat' dir='ltr'>st</span> <span class='ocrx_word' id='word_1_103' title='bbox 983 2073 1056 2116; x_wconf 85' lang='lat' dir='ltr'>vnne</span> <span class='ocrx_word' id='word_1_104' title='bbox 1078 2073 1189 2116; x_wconf 71' lang='lat' dir='ltr'>cenom</span> 
     </span>
     <span class='ocr_line' id='line_1_16' title="bbox 417 2157 1257 2246; baseline -0.002 -18"><span class='ocrx_word' id='word_1_105' title='bbox 417 2167 537 2246; x_wconf 75' lang='lat' dir='ltr'>Coepit:</span> <span class='ocrx_word' id='word_1_106' title='bbox 561 2167 620 2228; x_wconf 79' lang='lat' dir='ltr'>Ave</span> <span class='ocrx_word' id='word_1_107' title='bbox 642 2157 765 2226; x_wconf 84' lang='lat' dir='ltr'>Marini</span> <span class='ocrx_word' id='word_1_108' title='bbox 786 2171 876 2244; x_wconf 84' lang='lat' dir='ltr'>atque</span> <span class='ocrx_word' id='word_1_109' title='bbox 899 2182 1008 2228; x_wconf 79' lang='lat' dir='ltr'>aenens</span> <span class='ocrx_word' id='word_1_110' title='bbox 1031 2165 1148 2226; x_wconf 83' lang='lat' dir='ltr'>evanuit</span> <span class='ocrx_word' id='word_1_111' title='bbox 1170 2183 1257 2228; x_wconf 81' lang='lat' dir='ltr'>auras</span> 
     </span>
     <span class='ocr_line' id='line_1_17' title="bbox 416 2275 1250 2354; baseline -0.004 -15"><span class='ocrx_word' id='word_1_112' title='bbox 416 2279 451 2340; x_wconf 92' lang='lat' dir='ltr'>In</span> <span class='ocrx_word' id='word_1_113' title='bbox 472 2286 586 2348; x_wconf 84' lang='lat' dir='ltr'>tenues,</span> <span class='ocrx_word' id='word_1_114' title='bbox 609 2275 697 2337; x_wconf 71' lang='lat' dir='ltr'>veluti</span> <span class='ocrx_word' id='word_1_115' title='bbox 720 2293 807 2354; x_wconf 77' lang='lat' dir='ltr'>grave</span> <span class='ocrx_word' id='word_1_116' title='bbox 829 2275 979 2354; x_wconf 82' lang='lat' dir='ltr'>pervade</span> <span class='ocrx_word' id='word_1_117' title='bbox 1001 2275 1117 2338; x_wconf 71' lang='lat' dir='ltr'>turbida</span> <span class='ocrx_word' id='word_1_118' title='bbox 1140 2293 1250 2354; x_wconf 83' lang='lat' dir='ltr'>corpus</span> 
     </span>
     <span class='ocr_line' id='line_1_18' title="bbox 458 2383 1329 2466; baseline -0.001 -17"><span class='ocrx_word' id='word_1_119' title='bbox 458 2387 555 2466; x_wconf 74' lang='lat' dir='ltr'>Atque</span> <span class='ocrx_word' id='word_1_120' title='bbox 576 2387 662 2457; x_wconf 87' lang='lat' dir='ltr'>haue,</span> <span class='ocrx_word' id='word_1_121' title='bbox 678 2384 776 2465; x_wconf 86' lang='lat' dir='ltr'>quoad</span> <span class='ocrx_word' id='word_1_122' title='bbox 798 2383 904 2464; x_wconf 79' lang='lat' dir='ltr'>poluit,</span> <span class='ocrx_word' id='word_1_123' title='bbox 928 2385 1082 2448; x_wconf 78' lang='lat' dir='ltr'>cedentem</span> <span class='ocrx_word' id='word_1_124' title='bbox 1103 2396 1206 2460; x_wconf 76' lang='lat' dir='ltr'>nostra</span> <span class='ocrx_word' id='word_1_125' title='bbox 1228 2395 1329 2448; x_wconf 77' lang='lat' dir='ltr'>secute</span> 
     </span>
     <span class='ocr_line' id='line_1_19' title="bbox 351 2493 1206 2574; baseline -0.005 -14"><span class='ocrx_word' id='word_1_126' title='bbox 351 2507 399 2560; x_wconf 84' lang='lat'>120</span> <span class='ocrx_word' id='word_1_127' title='bbox 416 2497 470 2559; x_wconf 82' lang='lat' dir='ltr'>Est</span> <span class='ocrx_word' id='word_1_128' title='bbox 490 2497 585 2558; x_wconf 86' lang='lat' dir='ltr'>acies:</span> <span class='ocrx_word' id='word_1_129' title='bbox 608 2496 659 2556; x_wconf 88' lang='lat' dir='ltr'>ubi</span> <span class='ocrx_word' id='word_1_130' title='bbox 681 2493 810 2567; x_wconf 78' lang='lat' dir='ltr'>deflexit,</span> <span class='ocrx_word' id='word_1_131' title='bbox 834 2513 893 2573; x_wconf 89' lang='lat' dir='ltr'>qun</span> <span class='ocrx_word' id='word_1_132' title='bbox 914 2511 963 2556; x_wconf 89' lang='lat' dir='ltr'>me</span> <span class='ocrx_word' id='word_1_133' title='bbox 985 2503 1085 2574; x_wconf 79' lang='lat' dir='ltr'>egerat</span> <span class='ocrx_word' id='word_1_134' title='bbox 1106 2503 1206 2558; x_wconf 84' lang='lat' dir='ltr'>aestus</span> 
     </span>
     <span class='ocr_line' id='line_1_20' title="bbox 415 2604 1174 2687; baseline -0.004 -18"><span class='ocrx_word' id='word_1_135' title='bbox 415 2607 519 2687; x_wconf 84' lang='lat' dir='ltr'>Major,</span> <span class='ocrx_word' id='word_1_136' title='bbox 540 2604 690 2686; x_wconf 82' lang='lat' dir='ltr'>quaesivit</span> <span class='ocrx_word' id='word_1_137' title='bbox 711 2605 828 2683; x_wconf 81' lang='lat' dir='ltr'>signum</span> <span class='ocrx_word' id='word_1_138' title='bbox 850 2613 881 2666; x_wconf 81' lang='lat' dir='ltr'>et</span> <span class='ocrx_word' id='word_1_139' title='bbox 902 2621 1046 2668; x_wconf 78' lang='lat' dir='ltr'>conversa</span> <span class='ocrx_word' id='word_1_140' title='bbox 1068 2605 1174 2685; x_wconf 74' lang='lat' dir='ltr'>petivit</span> 
     </span>
     <span class='ocr_line' id='line_1_21' title="bbox 416 2714 1281 2796; baseline -0.003 -17"><span class='ocrx_word' id='word_1_141' title='bbox 416 2717 491 2779; x_wconf 79' lang='lat' dir='ltr'>Teia</span> <span class='ocrx_word' id='word_1_142' title='bbox 513 2716 698 2777; x_wconf 78' lang='lat' dir='ltr'>Bennuicuu.</span> <span class='ocrx_word' id='word_1_143' title='bbox 742 2715 795 2775; x_wconf 87' lang='lat' dir='ltr'>Illa</span> <span class='ocrx_word' id='word_1_144' title='bbox 818 2714 922 2778; x_wconf 86' lang='lat' dir='ltr'>oeulos</span> <span class='ocrx_word' id='word_1_145' title='bbox 944 2715 1016 2777; x_wconf 86' lang='lat' dir='ltr'>mihi</span> <span class='ocrx_word' id='word_1_146' title='bbox 1037 2715 1166 2796; x_wconf 83' lang='lat' dir='ltr'>persulit</span> <span class='ocrx_word' id='word_1_147' title='bbox 1187 2715 1281 2778; x_wconf 71' lang='lat' dir='ltr'>instar</span> 
     </span>
     <span class='ocr_line' id='line_1_22' title="bbox 415 2825 1226 2905; baseline -0.002 -17"><span class='ocrx_word' id='word_1_148' title='bbox 415 2827 561 2904; x_wconf 70' lang='lat' dir='ltr'>uulgaris,</span> <span class='ocrx_word' id='word_1_149' title='bbox 584 2834 617 2887; x_wconf 83' lang='lat' dir='ltr'>nt</span> <span class='ocrx_word' id='word_1_150' title='bbox 638 2825 752 2904; x_wconf 82' lang='lat' dir='ltr'>primns</span> <span class='ocrx_word' id='word_1_151' title='bbox 774 2825 852 2888; x_wconf 80' lang='lat' dir='ltr'>intus</span> <span class='ocrx_word' id='word_1_152' title='bbox 875 2843 930 2903; x_wconf 78' lang='lat' dir='ltr'>ego</span> <span class='ocrx_word' id='word_1_153' title='bbox 953 2826 1032 2887; x_wconf 83' lang='lat' dir='ltr'>serre</span> <span class='ocrx_word' id='word_1_154' title='bbox 1053 2826 1226 2905; x_wconf 66' lang='lat' dir='ltr'>nequirem</span> 
     </span>
     <span class='ocr_line' id='line_1_23' title="bbox 416 2934 1280 3015; baseline 0 -17"><span class='ocrx_word' id='word_1_155' title='bbox 416 2937 500 3010; x_wconf 81' lang='lat' dir='ltr'>Quae</span> <span class='ocrx_word' id='word_1_156' title='bbox 522 2936 596 2998; x_wconf 90' lang='lat' dir='ltr'>mihi</span> <span class='ocrx_word' id='word_1_157' title='bbox 618 2953 724 2998; x_wconf 79' lang='lat' dir='ltr'>caussa</span> <span class='ocrx_word' id='word_1_158' title='bbox 746 2934 811 3010; x_wconf 78' lang='lat' dir='ltr'>fuit,</span> <span class='ocrx_word' id='word_1_159' title='bbox 834 2955 889 2998; x_wconf 86' lang='lat' dir='ltr'>eur</span> <span class='ocrx_word' id='word_1_160' title='bbox 909 2935 1023 2998; x_wconf 73' lang='lat' dir='ltr'>tardior</span> <span class='ocrx_word' id='word_1_161' title='bbox 1043 2934 1110 3015; x_wconf 91' lang='lat' dir='ltr'>ipse</span> <span class='ocrx_word' id='word_1_162' title='bbox 1132 2951 1280 3012; x_wconf 82' lang='lat' dir='ltr'>rogarem.</span> 
     </span>
    </p>
   </div>
   <div class='ocr_carea' id='block_1_4' title="bbox 923 3197 978 3280">
    <p class='ocr_par' dir='ltr' id='par_1_4' title="bbox 923 3197 978 3280">
     <span class='ocr_line' id='line_1_24' title="bbox 923 3197 978 3280; baseline 0.036 -3"><span class='ocrx_word' id='word_1_163' title='bbox 923 3197 978 3280; x_wconf 82' lang='lat' dir='ltr'>iv.</span> 
     </span>
    </p>
   </div>
   <div class='ocr_carea' id='block_1_5' title="bbox 366 3376 1347 4561">
    <p class='ocr_par' dir='ltr' id='par_1_5' title="bbox 458 3376 1210 3456">
     <span class='ocr_line' id='line_1_25' title="bbox 458 3376 1210 3456; baseline -0.003 -18"><span class='ocrx_word' id='word_1_164' title='bbox 458 3376 550 3438; x_wconf 89' lang='lat' dir='ltr'>Binns</span> <span class='ocrx_word' id='word_1_165' title='bbox 571 3395 651 3456; x_wconf 89' lang='lat' dir='ltr'>pune</span> <span class='ocrx_word' id='word_1_166' title='bbox 673 3377 758 3440; x_wconf 84' lang='lat' dir='ltr'>cibos</span> <span class='ocrx_word' id='word_1_167' title='bbox 780 3376 925 3439; x_wconf 80' lang='lat' dir='ltr'>distantes</span> <span class='ocrx_word' id='word_1_168' title='bbox 947 3384 1035 3456; x_wconf 83' lang='lat' dir='ltr'>atque</span> <span class='ocrx_word' id='word_1_169' title='bbox 1056 3383 1210 3437; x_wconf 77' lang='lat' dir='ltr'>moventes</span> 
     </span>
    </p>

    <p class='ocr_par' dir='ltr' id='par_1_6' title="bbox 417 3486 1347 3567">
     <span class='ocr_line' id='line_1_26' title="bbox 417 3486 1347 3567; baseline -0.001 -16"><span class='ocrx_word' id='word_1_170' title='bbox 417 3489 475 3551; x_wconf 82' lang='lat' dir='ltr'>Con</span> <span class='ocrx_word' id='word_1_171' title='bbox 496 3487 561 3567; x_wconf 86' lang='lat' dir='ltr'>pari</span> <span class='ocrx_word' id='word_1_172' title='bbox 582 3496 727 3566; x_wconf 81' lang='lat' dir='ltr'>uirosque</span> <span class='ocrx_word' id='word_1_173' title='bbox 747 3487 854 3561; x_wconf 87' lang='lat' dir='ltr'>modn;</span> <span class='ocrx_word' id='word_1_174' title='bbox 875 3505 1001 3549; x_wconf 83' lang='lat' dir='ltr'>vacuum</span> <span class='ocrx_word' id='word_1_175' title='bbox 1021 3486 1107 3564; x_wconf 83' lang='lat' dir='ltr'>prius</span> <span class='ocrx_word' id='word_1_176' title='bbox 1129 3487 1219 3548; x_wconf 83' lang='lat' dir='ltr'>ardor</span> <span class='ocrx_word' id='word_1_177' title='bbox 1240 3486 1347 3550; x_wconf 87' lang='lat' dir='ltr'>edendi</span> 
     </span>
    </p>

    <p class='ocr_par' dir='ltr' id='par_1_7' title="bbox 417 3596 1172 3677">
     <span class='ocr_line' id='line_1_27' title="bbox 417 3596 1172 3677; baseline -0.005 -17"><span class='ocrx_word' id='word_1_178' title='bbox 417 3599 562 3660; x_wconf 78' lang='lat' dir='ltr'>Confiniet</span> <span class='ocrx_word' id='word_1_179' title='bbox 583 3599 724 3676; x_wconf 79' lang='lat' dir='ltr'>quemvis,</span> <span class='ocrx_word' id='word_1_180' title='bbox 748 3597 799 3677; x_wconf 88' lang='lat' dir='ltr'>qui</span> <span class='ocrx_word' id='word_1_181' title='bbox 820 3597 898 3658; x_wconf 79' lang='lat' dir='ltr'>liber</span> <span class='ocrx_word' id='word_1_182' title='bbox 918 3603 1026 3676; x_wconf 86' lang='lat' dir='ltr'>sponte</span> <span class='ocrx_word' id='word_1_183' title='bbox 1048 3614 1100 3656; x_wconf 90' lang='lat' dir='ltr'>sua</span> <span class='ocrx_word' id='word_1_184' title='bbox 1124 3596 1172 3672; x_wconf 76' lang='lat' dir='ltr'>sin,</span> 
     </span>
    </p>

    <p class='ocr_par' dir='ltr' id='par_1_8' title="bbox 382 3706 1347 3898">
     <span class='ocr_line' id='line_1_28' title="bbox 417 3706 1347 3785; baseline -0.001 -16"><span class='ocrx_word' id='word_1_185' title='bbox 417 3709 513 3782; x_wconf 87' lang='lat' dir='ltr'>Quam</span> <span class='ocrx_word' id='word_1_186' title='bbox 535 3708 617 3770; x_wconf 79' lang='lat' dir='ltr'>denti</span> <span class='ocrx_word' id='word_1_187' title='bbox 639 3707 812 3769; x_wconf 73' lang='lat' dir='ltr'>alterutrum</span> <span class='ocrx_word' id='word_1_188' title='bbox 835 3708 999 3768; x_wconf 72' lang='lat' dir='ltr'>admoveat„</span> <span class='ocrx_word' id='word_1_189' title='bbox 1042 3707 1093 3768; x_wconf 84' lang='lat' dir='ltr'>Sin</span> <span class='ocrx_word' id='word_1_190' title='bbox 1114 3724 1189 3784; x_wconf 84' lang='lat' dir='ltr'>agne</span> <span class='ocrx_word' id='word_1_191' title='bbox 1211 3706 1347 3785; x_wconf 82' lang='lat' dir='ltr'>luporum</span> 
     </span>
     <span class='ocr_line' id='line_1_29' title="bbox 382 3816 1203 3898; baseline -0.011 -13"><span class='ocrx_word' id='word_1_192' title='bbox 382 3820 493 3885; x_wconf 71' lang='lat' dir='ltr'>elram</span> <span class='ocrx_word' id='word_1_193' title='bbox 515 3819 593 3880; x_wconf 81' lang='lat' dir='ltr'>inter</span> <span class='ocrx_word' id='word_1_194' title='bbox 614 3817 760 3896; x_wconf 84' lang='lat' dir='ltr'>geminam</span> <span class='ocrx_word' id='word_1_195' title='bbox 782 3817 894 3897; x_wconf 75' lang='lat' dir='ltr'>pariter</span> <span class='ocrx_word' id='word_1_196' title='bbox 914 3816 1073 3898; x_wconf 81' lang='lat' dir='ltr'>perterrita</span> <span class='ocrx_word' id='word_1_197' title='bbox 1095 3824 1203 3890; x_wconf 58' lang='lat' dir='ltr'>starem</span> 
     </span>
    </p>

    <p class='ocr_par' dir='ltr' id='par_1_9' title="bbox 417 3927 1205 4006">
     <span class='ocr_line' id='line_1_30' title="bbox 417 3927 1205 4006; baseline -0.004 -15"><span class='ocrx_word' id='word_1_198' title='bbox 417 3929 467 3991; x_wconf 86' lang='lat' dir='ltr'>Sin</span> <span class='ocrx_word' id='word_1_199' title='bbox 489 3928 549 3990; x_wconf 90' lang='lat' dir='ltr'>duo</span> <span class='ocrx_word' id='word_1_200' title='bbox 571 3927 725 3992; x_wconf 82' lang='lat' dir='ltr'>damarum</span> <span class='ocrx_word' id='word_1_201' title='bbox 748 3927 832 3988; x_wconf 82' lang='lat' dir='ltr'>nanis</span> <span class='ocrx_word' id='word_1_202' title='bbox 855 3927 934 3989; x_wconf 79' lang='lat' dir='ltr'>iuter</span> <span class='ocrx_word' id='word_1_203' title='bbox 955 3945 1082 4006; x_wconf 79' lang='lat' dir='ltr'>corpore</span> <span class='ocrx_word' id='word_1_204' title='bbox 1103 3934 1205 3990; x_wconf 80' lang='lat' dir='ltr'>restet.</span> 
     </span>
    </p>

    <p class='ocr_par' dir='ltr' id='par_1_10' title="bbox 417 4037 1181 4116">
     <span class='ocr_line' id='line_1_31' title="bbox 417 4037 1181 4116; baseline -0.004 -16"><span class='ocrx_word' id='word_1_205' title='bbox 417 4038 527 4112; x_wconf 84' lang='lat' dir='ltr'>Quare,</span> <span class='ocrx_word' id='word_1_206' title='bbox 550 4037 577 4100; x_wconf 89' lang='lat' dir='ltr'>si</span> <span class='ocrx_word' id='word_1_207' title='bbox 601 4038 679 4100; x_wconf 82' lang='lat' dir='ltr'>iacui</span> <span class='ocrx_word' id='word_1_208' title='bbox 701 4037 802 4100; x_wconf 86' lang='lat' dir='ltr'>dubiis</span> <span class='ocrx_word' id='word_1_209' title='bbox 823 4037 971 4103; x_wconf 77' lang='lat' dir='ltr'>exereitus</span> <span class='ocrx_word' id='word_1_210' title='bbox 994 4055 1098 4116; x_wconf 85' lang='lat' dir='ltr'>aeque,</span> <span class='ocrx_word' id='word_1_211' title='bbox 1179 4111 1181 4114; x_wconf 16' lang='grc' dir='ltr'>Ι</span> 
     </span>
    </p>

    <p class='ocr_par' dir='ltr' id='par_1_11' title="bbox 414 4148 1252 4228">
     <span class='ocr_line' id='line_1_32' title="bbox 414 4148 1252 4228; baseline -0.005 -17"><span class='ocrx_word' id='word_1_212' title='bbox 414 4150 477 4212; x_wconf 86' lang='lat' dir='ltr'>Nec</span> <span class='ocrx_word' id='word_1_213' title='bbox 498 4167 546 4210; x_wconf 88' lang='lat' dir='ltr'>me</span> <span class='ocrx_word' id='word_1_214' title='bbox 566 4149 754 4228; x_wconf 80' lang='lat' dir='ltr'>reprendam,</span> <span class='ocrx_word' id='word_1_215' title='bbox 777 4149 916 4228; x_wconf 83' lang='lat' dir='ltr'>quoniam</span> <span class='ocrx_word' id='word_1_216' title='bbox 937 4165 986 4209; x_wconf 87' lang='lat' dir='ltr'>res</span> <span class='ocrx_word' id='word_1_217' title='bbox 1008 4148 1074 4226; x_wconf 86' lang='lat' dir='ltr'>ipsa</span> <span class='ocrx_word' id='word_1_218' title='bbox 1094 4165 1252 4208; x_wconf 86' lang='lat' dir='ltr'>neeessum</span> 
     </span>
    </p>

    <p class='ocr_par' dir='ltr' id='par_1_12' title="bbox 366 4256 1317 4448">
     <span class='ocr_line' id='line_1_33' title="bbox 415 4256 1317 4336; baseline -0.001 -17"><span class='ocrx_word' id='word_1_219' title='bbox 415 4258 480 4320; x_wconf 84' lang='lat' dir='ltr'>Hoe</span> <span class='ocrx_word' id='word_1_220' title='bbox 502 4258 614 4326; x_wconf 79' lang='lat' dir='ltr'>habuit.</span> <span class='ocrx_word' id='word_1_221' title='bbox 636 4277 694 4322; x_wconf 85' lang='lat' dir='ltr'>nee</span> <span class='ocrx_word' id='word_1_222' title='bbox 714 4275 763 4320; x_wconf 89' lang='lat' dir='ltr'>me</span> <span class='ocrx_word' id='word_1_223' title='bbox 785 4258 884 4320; x_wconf 89' lang='lat' dir='ltr'>laudo.</span> <span class='ocrx_word' id='word_1_224' title='bbox 926 4257 1019 4322; x_wconf 83' lang='lat' dir='ltr'>Labie</span> <span class='ocrx_word' id='word_1_225' title='bbox 1032 4258 1106 4336; x_wconf 82' lang='lat' dir='ltr'>ipse</span> <span class='ocrx_word' id='word_1_226' title='bbox 1127 4256 1317 4336; x_wconf 67' lang='lat' dir='ltr'>premebam</span> 
     </span>
     <span class='ocr_line' id='line_1_34' title="bbox 366 4367 1111 4448; baseline 0 -18"><span class='ocrx_word' id='word_1_227' title='bbox 366 4379 399 4430; x_wconf 86' lang='lat' dir='ltr'>ln</span> <span class='ocrx_word' id='word_1_228' title='bbox 415 4371 452 4429; x_wconf 84' lang='lat' dir='ltr'>nt</span> <span class='ocrx_word' id='word_1_229' title='bbox 473 4369 656 4430; x_wconf 83' lang='lat' dir='ltr'>desiderium</span> <span class='ocrx_word' id='word_1_230' title='bbox 678 4368 789 4448; x_wconf 84' lang='lat' dir='ltr'>liquide</span> <span class='ocrx_word' id='word_1_231' title='bbox 812 4367 975 4448; x_wconf 77' lang='lat' dir='ltr'>apparebat</span> <span class='ocrx_word' id='word_1_232' title='bbox 997 4368 1028 4430; x_wconf 91' lang='lat' dir='ltr'>in</span> <span class='ocrx_word' id='word_1_233' title='bbox 1050 4387 1111 4440; x_wconf 77' lang='lat' dir='ltr'>nne,</span> 
     </span>
    </p>

    <p class='ocr_par' dir='ltr' id='par_1_13' title="bbox 416 4477 1278 4561">
     <span class='ocr_line' id='line_1_35' title="bbox 416 4477 1278 4561; baseline -0.001 -21"><span class='ocrx_word' id='word_1_234' title='bbox 416 4477 546 4558; x_wconf 79' lang='lat' dir='ltr'>Solaque</span> <span class='ocrx_word' id='word_1_235' title='bbox 566 4496 640 4558; x_wconf 77' lang='lat' dir='ltr'>pren</span> <span class='ocrx_word' id='word_1_236' title='bbox 659 4478 758 4540; x_wconf 83' lang='lat' dir='ltr'>vultus</span> <span class='ocrx_word' id='word_1_237' title='bbox 778 4478 856 4561; x_wconf 84' lang='lat' dir='ltr'>plus,</span> <span class='ocrx_word' id='word_1_238' title='bbox 881 4497 969 4558; x_wconf 87' lang='lat' dir='ltr'>quam</span> <span class='ocrx_word' id='word_1_239' title='bbox 990 4477 1129 4540; x_wconf 77' lang='lat' dir='ltr'>distincta</span> <span class='ocrx_word' id='word_1_240' title='bbox 1150 4477 1278 4556; x_wconf 81' lang='lat' dir='ltr'>loquela,</span> 
     </span>
    </p>
   </div>
   <div class='ocr_carea' id='block_1_6' title="bbox 0 0 1622 5396">
    <p class='ocr_par' dir='ltr' id='par_1_14' title="bbox 0 0 1622 5396">
     <span class='ocr_line' id='line_1_36' title="bbox 0 0 1622 5396; baseline 0 0"><span class='ocrx_word' id='word_1_241' title='bbox 0 0 1622 5396; x_wconf 95' lang='lat' dir='ltr'> </span> 
     </span>
    </p>
   </div>
  </div>
 </body>
</html>
