3282 5404
633 507 766 558 ratricem
785 509 848 558 aar.
979 497 989 504 ’

724 791 819 872 XXV·

287 943 319 1005 Si
342 943 460 1022 quando
482 943 541 1017 fiat,
564 961 681 1005 sacrum
703 951 735 1004 ut
756 945 883 1004 tortasse
905 949 1021 1023 poema,

246 1053 335 1133 Cujus
358 1069 413 1130 ego
435 1053 466 1113 in
487 1062 601 1132 partem
623 1054 738 1115 coelum
760 1063 929 1132 terramque
951 1055 1060 1126 vocari,

246 1163 296 1223 Sic
319 1171 351 1223 ut
372 1181 418 1222 me
440 1163 534 1223 macie
556 1163 657 1242 plnres
679 1163 843 1224 tenuaverit
865 1181 969 1236 annos,

244 1271 348 1334 Vincat
370 1272 506 1360 crudeles
528 1272 642 1334 animos
664 1291 712 1333 me
734 1272 891 1334 excludere
913 1271 983 1332 ovili

211 1381 372 1442 bPulcbro
392 1381 517 1461 juratos,
540 1382 591 1442 ubi
614 1401 719 1443 somno
740 1383 873 1444 membra
895 1380 1004 1441 resolvi

244 1491 353 1568 Agnus,
366 1489 467 1552 ‘corde
488 1492 576 1570 lupos
597 1492 723 1552 horrens
746 1491 804 1552 sibi
824 1489 902 1552 bella
924 1491 1054 1564 cientem

244 1600 321 1660 Voce
345 1616 399 1676 ego
421 1607 541 1674 mutata,
564 1609 675 1662 mutato
697 1601 814 1673 vellere,
838 1609 932 1662 vatem

243 1709 290 1770 bie
312 1706 566 1784 releram'reditu,
589 1710 685 1770 saneti
707 1718 737 1772 et
757 1728 851 1790 prope
873 1727 1021 1770 marmora
1042 1697 1145 1781 lonbs,

245 1819 327 1880 Unde
350 1819 408 1880 abii
430 1819 557 1892 ablutus,
581 1820 696 1896 cingam
717 1838 783 1882 mea
805 1827 939 1900 tempora
960 1819 1055 1880 lauro.

94 1975 98 1980 .
194 1932 229 1984 10
244 1928 377 2008 Namque
400 1936 429 1990 et
450 1945 505 2006 ego
528 1929 593 2008 ipse
615 1928 719 2001 fidem,
749 1947 825 2008 quae
847 1927 960 1990 animas
982 1937 1045 1989 rata
1068 1928 1153 2007 signa
1175 1929 1304 1992 serentes

245 2037 310 2098 Non
334 2037 407 2098 sinit
426 2038 563 2116 ignorare
584 2038 686 2110 lleum,
709 2038 788 2100 hunc
809 2038 963 2115 ingressus
984 2037 1071 2111 adivi,

244 2146 362 2225 Proque
383 2146 441 2208 fide
463 2148 529 2228 ipse
550 2147 623 2208 mibi
645 2158 718 2210 nutu
738 2149 844 2210 Petrus
866 2147 970 2210 annuit
991 2149 1059 2210 isto.

286 2256 361 2317 Dein
382 2257 432 2318 lux
454 2275 487 2318 ex
511 2257 561 2317 illo
584 2257 672 2318 nobis
694 2258 750 2320 init
771 2258 856 2319 obvia
879 2265 973 2330 coetu,

244 2365 328 2426 Unde
349 2365 433 2446 prior
454 2368 542 2439 venit,
566 2367 616 2446 qui
639 2385 762 2429 munere
785 2368 901 2428 iunctus
924 2385 1027 2427 eorum
1049 2376 1104 2441 est,

194 2487 227 2540 15
245 2475 327 2548 Quos
350 2475 407 2537 sibi
429 2476 581 2538 substituit
604 2476 749 2538 Christus.
793 2475 870 2537 Tum
890 2476 966 2538 laeta
989 2476 1133 2540 ermx:

244 2583 345 2646 'lende
367 2586 480 2658 oculos,
503 2587 585 2659 dixit,
609 2593 728 2666 specta3
751 2584 840 2658 venit,
864 2601 943 2658 ecce,
965 2586 1119 2665 llynastes,

245 2693 289 2756 Ob
312 2713 399 2773 quem
423 2695 582 2757 Gallaciam
602 2702 745 2774 properat
763 2713 839 2770 qens
860 2695 957 2756 visere
981 2703 1098 2758 terram.

243 2803 289 2877 Ut,
313 2823 404 2883 quum
425 2824 492 2868 sese
515 2805 597 2867 addit
618 2806 702 2868 socio
726 2804 897 2885 Cythereius
921 2805 992 2879 ales,

243 2912 337 2974 Ambo
359 2914 480 2977 trahunt
501 2933 588 2994 gyros
611 2924 641 2978 et
661 2934 792 2978 amorem
814 2934 964 2977 murmure
986 2915 1134 2994 produnt:

192 3038 227 3089 2⁰
243 3023 328 3085 Haud
350 3040 438 3085 secus
460 3043 617 3086 occurrere
640 3025 697 3088 sibi
720 3025 807 3086 simul
829 3043 906 3086 unus
929 3033 958 3086 et
979 3023 1055 3084 alter

242 3134 305 3196 Dux
328 3151 463 3212 magnus,
486 3133 595 3196 decore
618 3134 754 3209 insignis,
777 3132 918 3194 coelestia
939 3133 1064 3194 laudans

241 3242 382 3305 Prandia.
424 3243 481 3307 Ubi
503 3243 624 3306 alternis
645 3250 775 3322 gratatus
798 3251 921 3322 uterquc
944 3243 1062 3321 quievit,

244 3352 377 3433 Quisque
399 3353 483 3415 stetit
503 3353 611 3415 tacitus
633 3371 680 3414 me
703 3369 811 3426 coram,
834 3352 900 3414 luce
922 3369 1085 3414 coruscans

244 3462 345 3537 Tanta,
368 3474 401 3524 ut
421 3463 462 3524 mi
486 3463 617 3524 obruerit
639 3462 758 3523 vultum
803 3462 863 3524 Sed
885 3461 970 3522 dulce
993 3461 1128 3526 Bnarmx

192 3576 226 3630 25
243 3571 371 3634 Ridens:
395 3571 419 3634 0
443 3591 527 3652 quae,
550 3572 656 3652 inquit,
680 3570 828 3651 scripsisti
851 3570 957 3650 gaudia
979 3579 1108 3646 nostrae,

242 3683 352 3762 inclyta
374 3682 440 3755 vita,
463 3683 577 3756 domus,
602 3683 711 3743 doceas
732 3682 785 3743 has
809 3682 936 3744 aetheris
959 3682 1031 3743 altas

243 3792 333 3872 Spem
355 3811 498 3854 resonare
520 3791 638 3872 plagas;
660 3791 748 3865 nosti,
772 3809 900 3871 namque
923 3790 1063 3872 exprimis
1085 3791 1167 3854 illam

243 3901 287 3962 Tu
309 3901 408 3976 toties,
431 3901 548 3981 quoties
571 3901 680 3965 Christi
702 3902 796 3980 magis
818 3919 869 3962 ora
890 3900 1017 3962 videnda

241 4009 398 4072 Emicuere
421 4011 526 4074 tribus.
571 4013 667 4092 Caput
688 4012 794 4089 arrige,
815 4029 895 4091 pone
916 4011 1070 4084 timorem

192 4131 226 4185 30
244 4119 394 4199 Quidquid
417 4122 497 4182 enim
519 4123 555 4184 ad
578 4122 711 4201 Superos
732 4121 851 4184 mortali
872 4120 967 4198 surgit
988 4118 1025 4182 ab
1047 4118 1130 4192 orbe,

243 4229 304 4291 Sub
326 4231 436 4292 nostris
458 4231 550 4292 radiis
572 4231 602 4292 id
624 4239 801 4292 maturescat
822 4239 949 4310 oportet.

283 4339 348 4400 Hoc
369 4340 442 4401 mibi
465 4341 599 4402 solamen
620 4339 755 4420 pervenit
778 4339 814 4401 ab
838 4340 906 4418 igne
919 4339 1078 4414 ·secnndo;

243 4450 341 4523 Quare
358 4467 413 4528 ego
437 4451 474 4512 ad
496 4449 647 4530 adstantes
669 4449 748 4510 baud
771 4450 833 4526 lugi
855 4449 960 4512 tollere
982 4449 1087 4544 visum,
