3234 5396
103 471 108 750 ⁴
574 521 754 572 nuecelone
774 521 859 573 txttt.

214 742 255 805 Se
278 741 350 804 dare
372 739 509 804 lustranti
531 747 647 821 peterat
667 757 737 820 pars
759 757 848 820 parva
870 741 1043 804 videndam:

214 855 253 914 st
272 870 363 932 perra
385 869 421 913 cx
443 850 494 913 illa
515 849 686 931 spectabam
708 847 806 912 sidera
829 857 915 930 purte

166 971 199 1024 td
216 961 301 1024 Clara
322 960 416 1038 magis
438 959 537 1032 sclito,
559 959 674 1040 majore
696 977 730 1021 ac
751 960 885 1039 praedita
908 961 1012 1022 lurma.

258 1070 341 1132 llaec
361 1087 416 1149 ega
438 1068 508 1130 dum
530 1068 625 1130 miror
644 1085 822 1149 mecumque
842 1069 917 1132 haec
936 1077 1036 1132 mente
1058 1070 1167 1144 veluto,

216 1181 264 1242 lle
286 1179 367 1259 cepit
387 1197 521 1250 somnus,
543 1195 668 1241 somnus
690 1197 740 1241 res
762 1195 852 1258 saepe
874 1179 1006 1241 novellas

216 1291 293 1352 duta
315 1289 394 1352 diem
415 1289 546 1352 discens.
567 1321 610 1332 -
633 1288 700 1362 Qun
722 1287 852 1368 primum
873 1297 1018 1368 tempore,
1043 1291 1142 1362 credo,

218 1399 324 1462 Ortum
344 1415 542 1478 praecurrens
564 1403 694 1458 montem
715 1396 873 1458 radiaverit
894 1393 977 1460 illum
1007 1415 1009 1422 ’

168 1529 200 1584 cd
218 1510 303 1572 Clara
325 1509 434 1582 Venus,
456 1509 588 1570 llensmes
611 1513 807 1587 pmepcrtans
831 1523 952 1588 semper
972 1507 1092 1581 ameris,

217 1619 256 1682 lli
279 1627 434 1699 praestans
456 1616 563 1678 mulier
584 1618 678 1680 turma
700 1616 876 1696 integraque
894 1617 1016 1698 juventa

219 1728 288 1792 Visa
308 1739 354 1790 est
376 1726 476 1807 sopite
497 1744 554 1807 per
574 1743 696 1806 campus
719 1725 764 1787 ire
786 1735 936 1805 petentes,-

219 1839 390 1918 lleeerpeus
411 1837 502 1898 fleres
524 1837 598 1898 haec
620 1853 673 1897 cre
694 1835 792 1898 locuta
815 1851 942 1897 canere:

219 1946 347 2010 Nomine
370 1965 428 2027 quc
450 1945 542 2018 dicar,
566 1946 591 2006 si
614 1946 682 2025 quis
705 1947 832 2008 fortasse
854 1945 997 2025 requiret,

158 2081 204 2132 lun
220 2058 266 2120 lle
289 2056 364 2118 sciat
385 2074 453 2118 csse
474 2057 560 2118 Lusit
582 2063 613 2117 et
634 2055 771 2117 manibus
793 2072 853 2116 nun
875 2071 998 2134 parcere
1020 2055 1153 2135 pulchris
1227 2091 1229 2096 ·

220 2166 376 2228 Errantem
397 2165 519 2238 circum,
541 2172 575 2228 ut
595 2173 676 2226 sertu
698 2183 765 2226 mea
786 2172 919 2244 tempera
942 2163 1069 2243 cingam.

221 2277 297 2338 num
319 2276 442 2355 speculo
463 2276 614 2338 referente
634 2267 730 2336 meam
753 2274 857 2336 mirata
879 2275 1004 2351 ligurem

221 2385 290 2466 lpsa
313 2385 364 2446 isti
384 2385 527 2465 placeam,
550 2385 601 2446 liic
621 2401 670 2446 me
691 2391 815 2446 ornatus
837 2399 908 2446 cure
928 2393 1077 2459 muratum

222 2498 259 2557 m
279 2512 420 2572 germana
441 2495 514 2556 milri
537 2493 619 2556 nullu
641 2511 771 2574 unquam
793 2503 929 2574 tempore
949 2491 1070 2555 Ricasu

160 2614 206 2668 105
222 2604 292 2666 Fine
316 2623 371 2666 suu
395 2604 517 2684 speculo
540 2603 670 2668 declinat
691 2603 810 2678 lumina,
833 2612 864 2666 et
887 2603 990 2666 haeret

224 2714 302 2778 Sede
325 2714 391 2776 dies
414 2721 503 2776 tulus.
546 2713 636 2794 Cupit
655 2714 729 2776 haec
751 2730 805 2776 suc
826 2711 937 2776 lumina
957 2713 1082 2794 pulchra

224 2824 399 2905 Adspicere
421 2831 454 2886 ut
474 2841 523 2885 mc
545 2823 702 2886 sollicitam
725 2824 783 2885 lert
803 2839 874 2886 curu
896 2823 1020 2904 parandi

225 2935 403 2998 Ornamenta
423 2952 524 2996 manu.
566 2934 644 2996 Huic
666 2933 848 3013 speculandi,
870 2933 911 2995 mi
934 2933 1023 2995 ardor
1044 2932 1158 3012 agendi.

223 3045 260 3106 Et
277 3044 339 3125 jam
359 3062 416 3124 per
436 3043 536 3106 lumen
559 3041 743 3115 subfuscum
765 3041 850 3119 signa
871 3043 932 3105 diei

159 3167 208 3220 tlt
224 3154 433 3234 Praepertans,
456 3159 537 3216 tantu
559 3153 727 3232 peregrinis
750 3152 862 3229 gratius
884 3169 981 3224 umen,

225 3264 343 3339 Quanta
365 3263 435 3324 illos
456 3262 575 3325 brevior
595 3262 706 3342 patrius
727 3261 774 3322 via
797 3262 886 3322 ducet
907 3261 943 3322 ad
965 3279 1042 3334 cras,

225 3372 361 3452 Undique
383 3372 507 3453 depulsa
528 3371 681 3451 fugiebant
701 3379 790 3434 necte
810 3369 960 3442 tenebrae,

224 3483 320 3561 Atque
343 3482 430 3544 simul
453 3501 587 3545 sumnus.
632 3481 731 3556 Quem
752 3488 823 3543 tnnc
844 3479 976 3542 membra
997 3478 1098 3551 levavi,

224 3591 263 3654 Et
283 3609 407 3669 maguus
428 3590 488 3652 vidi
511 3591 736 3654 consurrexisse
758 3589 927 3669 magistros.

162 3681 208 3761 m
267 3701 359 3764 Dulce
380 3700 452 3762 illud
475 3717 606 3781 pomum,
628 3717 683 3781 per
703 3708 747 3762 tct
768 3699 846 3780 qued
871 3715 1014 3780 quaerere
1034 3715 1134 3761 mines

107 3799 111 3828 ¹
225 3811 340 3889 Ingenti
362 3817 476 3872 certant
496 3810 633 3873 mortalia
653 3819 775 3890 pectem
798 3827 877 3881 cura,

227 3921 352 3983 Omnem
375 3919 466 3982 hodie
487 3920 616 3982 esuriem
636 3921 726 4001 plene
746 3919 800 3982 tibi
820 3935 894 3999 paee
916 3917 1057 3980 domabit.

187 4079 201 4106 ,
226 4030 309 4092 Talin
330 4030 509 4104 llinciades3
532 4037 562 4091 et
581 4047 732 4109 nunquam
752 4037 833 4091 mute
855 4029 939 4091 luere

225 4140 346 4203 llunera
369 4149 545 4212 strenarum,
569 4157 643 4220 quae
666 4139 710 4202 sic
732 4139 805 4202 mihi
827 4147 907 4218 grate
928 4138 1070 4200 venirent.

162 4261 211 4314 120
227 4249 337 4330 visque
358 4248 511 4312 voluntati·
523 4255 603 4311 unta
625 4257 672 4310 est
692 4247 905 4329 superaddita
927 4264 1074 4309 summum

227 4358 379 4422 Scandere
401 4358 539 4422 suadenti
560 4366 700 4430 montem,
724 4367 765 4432 ut,
789 4373 977 4438 quecumque
998 4375 1148 4419 moverem

226 4470 348 4543 Passus,
371 4469 515 4534 sentirem
535 4465 663 4549 pedibus
684 4483 876 4532 succrescere
897 4483 1023 4548 penum.
1345 4511 1348 4578 ξ

599 4635 607 4648 .
1128 4568 1183 4622 m*
1345 4581 1347 4607 ι
