3234 5396
580 517 762 570 rutctroatr
778 517 848 568 ΧΧΙΙ.

215 739 291 801 llisu
313 744 523 816 excusserunt,
546 735 655 800 deinde
676 736 720 798 illi
740 735 809 799 talia
831 743 937 798 contra

216 849 246 910 ls
268 865 415 928 responsa
437 845 535 908 dedit:
559 847 641 920 Quae
664 847 780 926 singula
803 847 887 921 dicis,
911 848 1022 910 amoris

167 966 199 1019 25
216 957 319 1020 Dulcia
341 956 426 1032 signa
448 955 521 1018 mihi
543 964 659 1036 reputo.
702 957 849 1037 Persaepe
870 956 1008 1020 videntur

216 1068 355 1139 Plurima,
380 1083 455 1144 quae
478 1065 595 1128 soleant
616 1065 768 1128 dubitandi
791 1066 933 1129 inducere
954 1067 1046 1129 salsas

139 1217 147 1226 -
218 1179 356 1249 Gaussas,
379 1193 447 1236 cum
468 1195 555 1240 verae
576 1176 697 1240 lateant.
741 1175 824 1249 Quae
845 1178 941 1254 prima
962 1177 1083 1255 rogasti,

218 1288 270 1350 Sat
291 1286 365 1348 mihi
386 1285 538 1347 declarant
561 1294 588 1347 te
610 1302 743 1348 errorem
764 1285 874 1347 mentis
895 1286 926 1346 in
947 1285 1039 1346 istum

218 1397 352 1470 Venisse,
374 1404 407 1456 ut
427 1395 533 1458 credas
554 1413 602 1458 me
625 1395 735 1458 arsisse
758 1395 895 1474 cupidine
916 1394 1056 1469 habendi,

170 1520 202 1572 tt
218 1507 294 1568 Dum
315 1506 388 1568 mihi
407 1505 464 1568 rita
485 1505 554 1580 luit3
577 1505 700 1567 cirelum
722 1505 859 1568 fortassis
881 1503 919 1565 ob
941 1503 1033 1578 illum,

217 1618 335 1679 Pronus
358 1615 409 1678 ubi
427 1614 517 1695 jacui.
561 1614 599 1674 At
620 1615 719 1675 discas
740 1613 818 1687 velo,
842 1615 932 1675 corde
954 1615 1048 1678 luisse

140 1725 143 1732 ⁴
217 1725 403 1807 Disjunctum
423 1724 512 1786 nimis
534 1745 551 1786 a
572 1731 685 1794 nostro,
710 1723 760 1804 qui
783 1741 945 1802 congerere
966 1743 1070 1786 aurum

218 1835 359 1897 Hortatur
380 1835 473 1894 luror.
516 1831 554 1894 lt
574 1834 648 1895 ratio
670 1833 741 1894 buic
761 1841 955 1913 praepostera
977 1833 1059 1896 mille

217 1946 324 2008 Punite
345 1952 392 2006 est
412 1960 541 2014 menses,
565 1951 593 2004 et
613 1944 645 2003 ni
666 1961 731 2004 mea
753 1960 824 2004 eura
844 1951 988 2022 putasset

169 2065 200 2118 35
220 2055 303 2128 Quae
324 2061 356 2114 tu
378 2052 410 2114 in
432 2061 551 2115 naturas
572 2051 734 2124 hominum,
759 2053 845 2132 quasi
864 2053 996 2132 percitus
1018 2053 1071 2128 ira,

219 2163 375 2228 Clamasti:
403 2163 483 2236 Quid
502 2181 565 2224 core
585 2162 729 2224 mortalia
748 2173 874 2243 pectore
893 2166 981 2242 copta,

217 2275 297 2337 Acri
316 2291 407 2335 scere
426 2270 549 2353 semes?
568 2273 679 2334 misero
702 2271 733 2332 in
756 2272 915 2335 certamine
938 2272 1055 2353 etipse

217 2385 368 2447 Versarer.
411 2381 507 2444 Didici
528 2382 653 2444 nimium
675 2399 722 2443 me
745 2381 898 2446 ellundere
918 2399 1011 2461 posse

218 2493 398 2556 Luxuriante
420 2511 519 2554 manu.
563 2493 648 2552 'lunc
668 2491 759 2572 hujus
780 2501 810 2552 et
831 2498 899 2554 ante
920 2493 1066 2555 malorum

168 2611 201 2663 4⁰
218 2605 377 2666 Factorum
398 2621 446 2665 me
467 2601 623 2682 poenituit.
668 2601 748 2674 Quot
769 2603 851 2664 crine
872 2610 1030 2680 resurgent

218 2715 330 2788 Tonso,
354 2731 429 2793 quos
450 2712 541 2793 hujus
562 2709 690 2788 lugenda
712 2711 829 2774 inscitia
850 2711 947 2774 morbi

142 2827 144 2834 '
217 2823 365 2896 Viventes,
389 2829 419 2883 et
440 2822 593 2900 adusque
617 2829 765 2884 extremae
785 2829 920 2902 tempora
940 2821 1018 2886 vitae

217 2933 347 3005 Eminet,
372 2949 442 2994 cura
464 2939 601 3011 expertes
624 2932 783 3012 studioque
804 2929 950 2994 dolendi?

258 3043 297 3104 Et
318 3041 394 3103 scito
417 3041 543 3120 culpam,
567 3041 704 3121 opposita
727 3059 803 3120 quae
825 3042 923 3102 fronte
945 3040 1063 3120 repellit

168 3160 201 3215 45
217 3153 334 3215 llirecte
358 3151 484 3230 culpam,
507 3151 595 3212 simul
617 3150 666 3212 bic
688 3150 801 3216 siccare
821 3149 935 3212 rirendl

217 3263 360 3324 Virtutem
381 3261 463 3323 huic.
507 3261 606 3334 Quare
628 3261 655 3322 si
676 3259 781 3322 turbae
801 3259 950 3320 immistus
974 3275 1081 3320 acervo

217 3372 330 3435 Flentis
352 3371 503 3433 avaritiem
521 3369 611 3451 jacui,
635 3369 705 3430 dum
728 3367 851 3430 crimina
873 3368 949 3432 vitae

137 3541 140 3546 .
217 3481 379 3554 Abluerim,
402 3480 509 3554 evenit,
533 3480 601 3560 quia
622 3498 673 3541 res
695 3478 840 3541 contraria
859 3478 969 3558 poenis

192 3651 195 3654 .
217 3592 272 3654 llis
294 3610 342 3653 me
365 3591 523 3664 damnarit,
545 3623 585 3636 --
607 3590 715 3650 Verum
738 3607 806 3652 cum
827 3595 860 3650 tu
881 3606 961 3650 mma
984 3587 1110 3651 canebas

168 3707 202 3762 5⁰
219 3701 324 3781 Impia,
346 3700 479 3779 nequitia
500 3700 616 3779 gemina
636 3698 799 3762 bacchante
819 3698 963 3773 locastae,

216 3811 303 3883 Dixit,
326 3808 464 3870 bucolico
487 3810 538 3890 qui
559 3808 710 3888 quondam
731 3808 862 3872 carmine
883 3807 963 3883 lusit,

217 3921 262 3982 Ex
282 3918 340 3992 his,
364 3937 440 3999 quae
461 3926 561 3981 tecum
582 3918 676 3997 tangit
696 3925 746 3980 tua
766 3919 859 3993 Musa,
880 3919 991 3982 rideris

217 4029 274 4090 llic
297 4029 430 4092 caruisse
451 4029 519 4103 fide,
543 4029 608 4090 sine
631 4047 689 4109 qua
710 4027 865 4092 benefacta
886 4029 953 4090 sine
974 4027 1035 4090 rrllc

217 4139 356 4200 Pondere
378 4147 478 4218 spreta
501 4138 619 4200 eadunt.
662 4138 694 4200 Si
715 4157 764 4201 res
785 4139 860 4201 haec
878 4157 950 4200 aera
971 4137 1107 4217 patescit,

167 4253 201 4307 55
220 4248 278 4322 Qui
301 4248 362 4322 sol,
386 4266 497 4328 quaere
520 4249 601 4311 laces
622 4247 675 4310 tibi
698 4247 846 4329 disjecere
866 4247 1015 4322 tenebras,

219 4358 368 4438 Tempore
389 4364 422 4419 ut
443 4377 480 4420 ex
500 4358 552 4420 illo
576 4357 694 4420 dederis
716 4365 766 4420 tua
786 4358 851 4420 vela
872 4357 1003 4420 secunda

218 4466 293 4529 Post
313 4465 520 4548 piscatorem?
542 4469 668 4531 Srsrrus
692 4469 740 4530 cui
761 4468 832 4530 talia
853 4466 966 4530 reddit:
