3282 5404
640 526 773 578 Paututst
792 527 849 576 xxi.

248 747 323 810 Nam
345 764 401 807 nos
424 763 476 806 ora
498 744 552 807 Dei
573 741 699 826 propius
720 746 878 808 manifesta
902 755 1018 808 tuentes

248 857 423 934 ignoramus
444 855 543 918 adhuc
564 873 678 929 omnes,
701 874 777 935 quos
800 855 850 917 ilie
875 855 1011 916 beandas

183 973 232 1026 125
250 966 384 1044 Legerit3
408 973 437 1026 et
458 965 545 1027 dulce
568 973 705 1044 estpars
728 967 802 1027 haec
824 964 956 1026 detracta
979 962 1131 1039 levamen;

249 1077 390 1138 Nostrum
412 1089 541 1154 namque
563 1074 675 1138 bouum
696 1073 830 1138 bonitate
852 1074 982 1154 acquirit
1002 1074 1039 1136 ab
1062 1073 1121 1136 ista

249 1187 416 1248 Persectam
438 1202 592 1257 summam,
616 1193 647 1246 et
667 1186 747 1263 quod
768 1185 831 1246 vnit
854 1184 953 1245 divina
973 1184 1125 1256 Voluntas,

249 1296 317 1358 Vult
339 1302 369 1356 et
390 1302 493 1356 nostra
515 1293 615 1356 simui.
659 1293 711 1355 Sic
733 1294 808 1355 haec
831 1293 1020 1354 sanctissima
1041 1294 1149 1372 imago,

249 1407 288 1469 Ut
309 1407 393 1468 daret
415 1404 532 1466 obtusis
555 1403 650 1466 oculis
673 1422 723 1466 res
746 1421 869 1464 cernere
891 1403 980 1476 clare,

185 1525 235 1580 13⁰
249 1515 415 1577 iucundam
437 1514 530 1576 menti
551 1513 729 1576 medicinam
752 1513 824 1576 iecit
845 1531 966 1591 egenae.

251 1625 345 1704 thue
368 1625 479 1686 bonum
501 1623 653 1686 citharista
674 1623 772 1686 honus
793 1622 939 1684 vibrantia
962 1622 1011 1684 fita

252 1735 410 1796 cantorem
431 1734 568 1795 hortatur
589 1733 741 1808 sectarier,
763 1733 842 1794 uude
864 1750 920 1812 per
940 1751 1028 1794 aures

253 1845 369 1907 Gratim
389 1843 413 1904 it
435 1852 555 1917 cantus3
578 1843 631 1916 sic,
655 1843 725 1904 dum
747 1851 793 1904 est
814 1842 887 1906 mihi
908 1838 977 1904 talia
1000 1843 1070 1915 iata,

252 1953 435 2033 splendores
456 1951 578 2017 memini
599 1951 736 2028 geminos
756 1951 869 2014 vidisse
890 1951 1004 2024 beatos,

186 2071 235 2125 135
252 2064 317 2125 Nun
340 2057 428 2124 secus
451 2069 540 2142 atque
562 2062 716 2124 oculorum
737 2062 816 2124 ictus
838 2062 1000 2124 concordat
1020 2062 1179 2142 utrimque,

253 2172 325 2234 Cum
346 2172 445 2235 verbis
467 2171 581 2252 pariter
601 2171 765 2234 facularum
787 2189 902 2234 summa
923 2189 1055 2234 movere.

739 2431 825 2514 XXI.

294 2613 359 2674 dam
381 2612 474 2674 defixa
498 2559 606 2672 iteruin
628 2610 772 2690 Dominae
794 2627 860 2672 mea
880 2610 994 2672 lumina
1016 2609 1054 2673 ab
1076 2629 1129 2672 ere

252 2722 427 2785 Pendebant
448 2721 624 2800 animusque
646 2720 745 2794 simul,
769 2738 953 2801 quacumque
974 2729 1106 2782 remotus

253 2832 329 2893 Cura
350 2831 418 2894 alia.
461 2832 542 2917 Haec
564 2838 662 2894 autem
684 2831 748 2892 risu
769 2831 920 2910 parcebat,
944 2841 975 2892 et
994 2830 1108 2910 inquit:

254 2942 286 3004 Si
308 2943 397 3003 modo
420 2941 558 3016 riderem,
581 2949 614 3003 tu
636 2941 733 3022 qualia
754 2941 816 3006 iilia
838 2941 941 3003 Cadmi

220 3053 316 3114 alnes
338 3052 369 3113 in
392 3051 541 3126 einerem3
563 3069 632 3112 nam
655 3069 714 3130 quo
736 3050 805 3130 pius
828 3051 972 3112 scandere
995 3049 1096 3129 tempii

254 3161 384 3239 Contigit
404 3161 516 3223 aeterni
539 3160 645 3234 scalas,
666 3160 735 3239 pius
756 3168 841 3222 aucta
863 3161 972 3221 decore

252 3271 293 3332 iii
314 3271 407 3333 iacies
428 3271 528 3345 micat,
551 3279 586 3333 ut
605 3270 704 3343 nosti,
727 3277 757 3332 et
776 3269 808 3330 ni
832 3277 984 3348 temperet,
1007 3286 1075 3348 rpsa

252 3381 398 3443 Flammat
418 3381 468 3455 ita,
492 3390 524 3442 ut
543 3381 599 3454 vis,
623 3398 681 3460 qua
703 3379 808 3461 peiles,
832 3378 966 3441 mortalis
988 3379 1025 3440 ad
1049 3377 1148 3456 ignem

254 3492 380 3554 Tantum
403 3493 487 3553 trous
508 3499 599 3564 esset,
621 3490 735 3552 tonitru
757 3508 834 3569 quae
856 3489 1003 3551 scinditur
1024 3506 1095 3550 uno.

206 3613 238 3666 10
255 3601 394 3664 Subiatcs
415 3619 472 3663 nos
494 3601 578 3664 stella
600 3608 690 3673 tenet,
713 3618 789 3681 quae
811 3599 937 3680 septima
959 3596 1053 3675 fulget

253 3711 379 3774 Pectore
401 3712 455 3773 sub
477 3711 581 3773 Nemei
602 3712 738 3772 dammas
759 3709 879 3770 efflante
900 3708 1022 3781 Leonis,

256 3822 339 3895 Quae
361 3821 487 3882 interius
507 3821 615 3884 virtute
637 3821 726 3902 huius
747 3820 837 3880 modo
859 3819 949 3880 mista
970 3823 1117 3880 coruscat.

254 3931 373 3995 Attente
394 3931 507 4009 vestiga
530 3931 634 4005 ccuiis,
658 3940 747 4011 atque
769 3929 861 3990 utitor
883 3928 942 3990 iliis

254 4043 292 4104 Ut
313 4041 436 4120 speculo
459 4053 572 4114 coutra,
596 4041 675 4120 quod
698 4059 731 4101 se
752 4038 807 4101 tihi
831 4037 912 4100 sistit
932 4037 964 4098 in
986 4037 1045 4099 istu
1090 4065 1093 4070 ¹

206 4161 238 4214 15
254 4151 454 4231 Spectandum
477 4151 615 4232 speculo,
638 4151 767 4229 signum.
787 4181 832 4194 —-
852 4148 1035 4226 Cuicumque
1057 4146 1186 4219 daretur,

255 4259 387 4332 Discere,
410 4260 506 4340 qualis
529 4268 593 4322 erat
612 4260 773 4340 pendentis
794 4259 832 4320 ah
854 4277 906 4320 ore
927 4257 1016 4320 beatu

255 4370 331 4433 Esca
353 4376 411 4432 mei
432 4371 524 4443 visus,
548 4387 614 4431 cum
636 4345 699 4430 alio,
717 4369 865 4430 divertere
881 4367 985 4448 jussus

254 4470 363 4542 iiutavi
385 4497 504 4554 euram;
527 4479 615 4542 facile
636 4485 717 4541 esset
737 4478 849 4558 tingere
870 4485 978 4551 mente,
