3214 5400
590 539 769 590 l'llllGlTOllll
790 541 827 591 lx.

103 841 104 844 Ἴ
211 754 431 834 Compositum,
454 755 539 818 locus
561 775 639 818 uuus
660 757 710 820 ubi
732 757 793 839 jam
817 759 947 839 quinque
970 761 1110 824 sedentes

208 863 270 924 Nos
292 864 501 944 conjungebat.
546 867 659 928 Tristes
683 887 742 946 quo
764 875 900 949 tempore
923 879 1048 948 questus

210 973 346 1048 Orditur,
368 974 496 1053 primum
527 992 593 1037 cum
615 995 701 1039 mane
723 977 870 1051 rubescit,
894 980 1032 1048 hirundo,

208 1083 283 1144 Fors
306 1085 432 1146 memori
456 1085 596 1165 antiquos
618 1105 739 1148 seruans
762 1087 818 1148 sub
841 1088 930 1150 corde
953 1090 1084 1163 dolores,

163 1197 190 1250 15
207 1191 246 1253 ut
269 1212 329 1272 quo
351 1202 452 1255 nostra
475 1195 568 1273 magis
591 1213 675 1258 mens
698 1213 787 1256 carne
810 1197 906 1260 soluta
937 1199 1096 1279 minusque

207 1302 383 1382 lndupedita
405 1304 486 1382 gravi
506 1305 651 1366 variarum
675 1306 809 1384 pondere
832 1326 940 1380 rerum,

207 1413 284 1474 Dum
306 1431 359 1475 sua
381 1413 444 1474 visa
467 1414 552 1491 legit,
576 1408 661 1492 quasi
683 1433 792 1477 numen
816 1416 924 1478 habere
948 1425 1082 1497 putatur;

206 1523 241 1584 lu
265 1523 379 1589 somnis
400 1522 496 1603 aquila
520 1531 566 1584 est
587 1523 660 1585 mihi
684 1524 745 1586 visa
767 1545 803 1586 ex
824 1526 944 1588 aethere
965 1527 1112 1606 pendens,
1162 1527 1164 1532 ’

207 1633 377 1714 Suspenso,
400 1633 511 1696 auratis
533 1633 656 1712 plumis,
680 1635 794 1713 alisque
816 1643 915 1715 parata

159 1757 189 1809 uu
206 1742 311 1806 llelabi
333 1743 493 1823 expansis,
517 1750 546 1804 et
567 1743 609 1804 ibi
631 1743 703 1805 mihi
725 1743 831 1806 adesse
853 1744 983 1819 uidebar,

205 1852 318 1931 Agmen
340 1853 392 1914 ubi
415 1852 555 1914 comitum
578 1853 777 1932 Ganymedem
799 1855 878 1916 lama
900 1873 1023 1916 suorum
1135 1862 1146 1878 ’

205 1962 381 2025 Deseruisse
403 1963 510 2035 relert,
533 1963 636 2024 Divum
661 1981 720 2042 quo
743 1971 877 2043 tempore
899 1972 1002 2044 raptus

205 2057 261 2133 Est
281 2073 319 2134 ad
342 2072 511 2134 concilium.
555 2072 715 2134 Volvebam
737 2073 805 2134 talia
827 2092 965 2135 mecum:

204 2182 343 2244 Fortasse
365 2182 414 2242 hic
435 2181 532 2260 rapiat
552 2183 589 2244 de
611 2200 708 2255 more,
733 2190 763 2244 et
783 2183 907 2244 forsitan
930 2201 1008 2247 unco

156 2301 187 2354 25
203 2291 365 2370 Dedignata
386 2291 463 2372 pede
486 2299 532 2354 est
553 2291 671 2354 aliunde
694 2292 842 2356 abducere
864 2293 1022 2372 praedam:

203 2401 318 2463 Deinde
339 2400 494 2464 ridebatur
515 2401 615 2481 paullo
637 2402 730 2480 magis
752 2403 795 2464 ire
817 2403 953 2477 rotando,

204 2511 419 2590 Terribilisque
440 2511 520 2572 velut
542 2511 640 2589 fulgur
662 2512 858 2585 descendere,
882 2531 990 2591 meque

204 2621 377 2701 Corripere,
400 2629 489 2701 atque
511 2621 611 2699 ignem
632 2641 680 2684 me
703 2623 835 2684 attollere
858 2622 895 2684 ad
916 2641 1012 2702 usqne
1035 2641 1206 2703 supernum,

203 2730 298 2810 Atque
321 2730 363 2792 ibi
385 2749 453 2792 cum
473 2729 586 2792 volucri
609 2730 696 2792 simul
719 2732 784 2812 ipse
807 2733 912 2794 ardere
933 2732 1056 2794 videbar

153 2851 187 2904 ³⁰
201 2841 267 2902 lam
289 2839 362 2902 mihi
390 2848 419 2902 et
441 2841 570 2904 incendi.
614 2841 714 2922 Usque
736 2843 811 2904 adeo
834 2861 881 2904 me
905 2843 983 2904 coxit
1004 2843 1110 2922 imago,

202 2950 324 3028 Fugerit
344 2961 378 3011 ut
399 2968 533 3023 somnus,
557 2969 610 3012 sua
632 2970 772 3032 rumpere
793 2953 889 3015 vincla
911 2959 1041 3014 coactus.

244 3060 310 3120 Non
333 3059 433 3133 aliter,
458 3079 564 3122 somno
587 3061 727 3140 expulso,
749 3061 881 3124 vertebat
901 3061 1031 3124 Achilles

202 3169 351 3248 Evigilans
373 3168 477 3232 oculos
501 3170 627 3244 circum,
651 3190 724 3250 quas
745 3178 880 3249 tangeret
901 3190 969 3234 oras

201 3279 345 3354 Nescius,
368 3279 449 3341 hunc
468 3288 564 3342 mater
585 3288 967 3371 postquemasportaverat
988 3289 1073 3343 antro

151 3395 185 3448 ³5
201 3389 388 3469 Philyridae,
411 3396 441 3452 et
463 3386 569 3451 somno
591 3391 760 3454 demersum
783 3391 939 3454 advexerat
959 3389 1038 3452 rrlnis

199 3499 270 3579 Ipsa
292 3499 355 3560 suis
378 3499 516 3579 Scyrum,
539 3501 619 3562 unde
641 3501 708 3562 exin
731 3501 870 3563 dicuntur
890 3499 993 3561 Achivi

200 3609 368 3670 Abduxisse
390 3610 503 3685 virum3
527 3629 615 3690 quam
637 3588 755 3674 turbida
776 3611 887 3672 lumina
909 3610 1000 3690 pandi

199 3717 353 3780 Excussae
375 3719 473 3782 subito
497 3721 629 3800 lugiens,
652 3721 704 3782 ubi
726 3719 860 3784 membra
881 3719 1002 3800 reliquit

202 3828 349 3902 Somnus,
372 3837 401 3892 et
422 3829 574 3910 expallens
595 3831 695 3904 haesi,
717 3841 751 3892 ut
772 3831 823 3911 qui
844 3831 965 3893 territus
987 3829 1073 3908 alget

149 3945 184 3998 lu
203 3938 321 4018 Quique
342 3938 416 4000 milri
439 3939 573 4002 solamen
596 3949 668 4016 erat,
690 3941 894 4003 tantummodo
917 3940 999 4002 solus

200 4045 348 4110 Haerebat
369 4048 476 4122 latere,
500 4058 530 4112 et
550 4049 601 4112 Sol
621 4051 684 4131 jam
705 4059 894 4131 processerat
914 4049 1004 4112 horas

200 4157 306 4220 Plures
328 4177 418 4238 quam
439 4159 541 4233 hinem,
564 4167 594 4222 et
615 4177 671 4238 ego
692 4179 773 4222 mare
796 4158 1034 4240 prospectabam.

241 4268 334 4331 Parce
355 4277 451 4342 metu,
475 4269 548 4331 dixit
569 4270 619 4350 qui
642 4269 700 4332 dux
722 4270 919 4349 dominusque
942 4267 1083 4348 praeibat,

199 4377 349 4457 Spemque
372 4379 454 4452 lore,
478 4379 507 4440 in
531 4388 592 4444 tuto
615 4399 683 4442 nam
705 4399 753 4442 res
776 4388 822 4442 est
843 4385 958 4452 nostra,
978 4377 1110 4458 jubeque

146 4491 179 4543 45
197 4488 264 4548 Non
287 4507 440 4568 premere,
464 4497 493 4552 at
514 4499 634 4554 cunctas
658 4490 787 4553 animum
809 4489 975 4552 diffundere
997 4489 1085 4550 vires.
