3236 5394
563 525 906 534 Q*-
1363 527 1519 598 “i

768 583 958 631 lNVEllNllllllll
980 583 1053 631 llXVi.

904 677 1184 685 -u-—ss—
1190 679 1200 684 ·-
1204 679 1220 684 -
1224 679 1428 685 ——...--...--.--
1432 677 1512 686 .-...-.

365 808 397 859 ³⁰
414 799 451 860 Et
472 799 558 861 tindit
579 799 698 860 sulcos:
722 807 825 860 octava
847 809 891 860 tot
911 800 1042 879 undique
1064 800 1190 862 flammis

413 909 546 970 Locehat
566 909 668 988 bulga,
691 917 724 971 ut
746 909 844 982 sensi,
868 909 956 970 simul
978 916 1066 988 atque
1087 909 1200 989 potitus

414 1019 485 1078 Sum
507 1019 589 1092 loco,
614 1019 664 1080 obi
686 1018 742 1079 inra
765 1018 837 1079 milri
861 1018 957 1098 patuit
978 1018 1135 1079 manifesta
1157 1036 1274 1096 vorago.
1300 1045 1303 1054 r

414 1127 509 1206 Atque
532 1137 580 1201 ut,
603 1128 653 1206 qui
677 1128 825 1207 quondam
849 1135 895 1189 est
915 1127 995 1188 ursis
1018 1126 1165 1188 ultoribus
1188 1145 1268 1200 usus,

412 1237 532 1298 Viderat
552 1238 645 1298 Enna
667 1237 823 1298 abeuntem
845 1243 986 1316 praepete
1009 1254 1097 1297 curru

363 1355 395 1407 35
413 1345 510 1418 Tunc,
535 1365 601 1409 curn
624 1346 789 1426 quadrijugi
813 1346 965 1426 arripuere
987 1364 1042 1425 per
1064 1352 1132 1406 aira
1155 1344 1267 1416 callem,

413 1455 507 1528 Quem
530 1475 589 1516 non
613 1455 658 1516 sic
681 1457 760 1516 acies
782 1463 899 1535 poterat
921 1473 1039 1517 servare
1061 1454 1222 1533 sequentis,

412 1565 449 1625 Ut
468 1572 588 1644 praeter
609 1567 756 1626 flammam
778 1555 947 1636 salientem,
972 1563 1060 1626 nubis
1083 1565 1119 1624 ad
1142 1563 1245 1635 instar,

411 1673 494 1735 Haud
519 1675 679 1753 quidquam
702 1675 864 1753 aspiceret:
888 1674 933 1734 sic
953 1673 1069 1751 singola
1091 1673 1208 1733 flamma
1230 1691 1285 1754 per
1307 1674 1421 1752 amplas

412 1785 523 1846 Fossae
544 1783 606 1845 ibat
628 1785 742 1857 fauces,
765 1791 798 1843 ut
819 1783 929 1843 lurtum
951 1783 1029 1843 haud
1052 1782 1193 1860 proderet
1214 1781 1289 1855 ulla;

361 1903 395 1954 lo
412 1893 601 1972 Flammaque
622 1894 792 1954 damnatum
814 1891 953 1953 subducit
974 1890 1124 1970 quaelibet
1146 1909 1245 1952 unum.

455 2003 488 2063 ln
511 2002 603 2080 digito
626 2010 773 2074 arrectus,
796 2001 895 2062 studio
918 2000 1088 2062 stimulante
1109 1999 1239 2072 videndi,

414 2111 464 2172 Sic
485 2112 569 2191 ponti
592 2111 771 2184 institeram,
795 2119 842 2183 ut,
865 2111 896 2170 ni
918 2117 1034 2171 cautem
1055 2129 1123 2171 cura
1147 2110 1254 2172 luisset

411 2220 558 2282 Prensare
579 2239 711 2294 exesam,
735 2221 815 2282 nullo
838 2219 982 2299 pellente,
1005 2219 1119 2282 ruinam

413 2327 592 2391 Traxissem.
634 2331 672 2392 lt
694 2330 813 2403 ductor,
838 2330 888 2408 qui
911 2348 957 2390 me
981 2329 1025 2389 sic
1048 2348 1100 2390 ora
1122 2338 1271 2390 tenentem

361 2451 395 2503 to
411 2438 532 2500 Viderat
553 2439 712 2512 intentum,
736 2439 824 2500 dixit:
846 2441 1008 2500 Versantur
1029 2438 1059 2498 in
1082 2437 1142 2498 illis

411 2549 546 2610 inclusae
569 2549 696 2610 dammis
719 2548 850 2622 animae,
873 2567 930 2628 quo
953 2547 1134 2620 incenditur,
1158 2547 1226 2625 igne

412 2658 534 2735 Singula
556 2677 622 2720 sese
645 2658 755 2720 amicit.
799 2658 841 2718 Te
865 2657 933 2718 talia
956 2659 1054 2728 sante,
1076 2657 1225 2736 loquelam

413 2766 463 2828 Sic
485 2767 575 2827 solvi:
599 2767 622 2829 0
646 2767 764 2839 doctor,
787 2767 876 2828 modo
899 2769 932 2828 iit
953 2766 1026 2827 mihi
1049 2766 1158 2828 certius
1181 2767 1270 2839 istud,

413 2875 500 2948 Quod
521 2875 604 2954 prius
626 2877 737 2937 adverti
760 2896 814 2956 per
835 2897 899 2950 me3
923 2876 968 2937 sic
989 2895 1056 2937 nam
1080 2895 1145 2937 esse
1169 2876 1317 2954 putabam,

362 2993 395 3044 oo
412 2985 448 3054 Et
470 2985 602 3047 dicturus
624 3005 720 3047 eram:
745 3004 887 3066 quaenam
910 2985 960 3046 illa
983 2985 1013 3046 in
1034 2985 1144 3046 vertice
1166 2987 1283 3048 flamma
1323 3007 1325 3020 ·

413 3095 464 3155 Sic
485 3095 590 3169 bifida,
614 3095 788 3168 adveniens,
812 3110 888 3174 quae
910 3095 1073 3156 surrexisse
1096 3094 1211 3156 videtur

411 3205 455 3264 Ex
475 3223 566 3283 rogo,
591 3204 640 3266 ubi
662 3205 834 3284 impositum
857 3204 959 3265 dicunt
980 3205 1090 3266 arsisse
1111 3205 1258 3266 minorem

413 3312 485 3374 Cum
508 3315 597 3375 fratrc
619 3311 817 3375 Ocurronnu‘?
838 3347 879 3360 -
901 3315 988 3375 Dedit
1009 3315 1083 3374 haec
1104 3332 1249 3392 respousa
1271 3315 1427 3392 magister:

413 3423 542 3484 Trornlrs
565 3423 627 3484 illic
649 3423 797 3485 cruciatur
818 3432 847 3484 et
869 3442 937 3484 acer
958 3424 1109 3484 Uursses:

364 3539 396 3593 55
413 3533 464 3594 Sic
486 3532 573 3594 simul
596 3533 627 3592 in
648 3551 761 3612 poenas
783 3540 955 3604 excurrunt,
979 3533 1056 3593 sicut
1077 3533 1108 3593 in
1130 3533 1199 3594 iras.

412 3642 504 3720 Inque
528 3641 584 3702 ista
607 3643 724 3702 flamma
745 3641 883 3719 lugentur
903 3643 1011 3704 robore
1033 3643 1104 3704 texti

411 3749 541 3811 Insidiae
563 3751 678 3812 fallacis
700 3751 784 3830 equi,
807 3770 862 3830 per
883 3771 971 3830 qurem
993 3762 1038 3812 est
1060 3753 1127 3813 data
1148 3761 1243 3832 porta,

413 3859 456 3919 Ex
479 3878 535 3938 qua
557 3860 735 3922 Rouuurnuu
756 3861 906 3941 processit
928 3861 1028 3922 nobile
1049 3880 1161 3923 semen.

414 3969 469 4030 Hic
491 3988 539 4030 ars
560 3971 658 4032 flenda
679 3971 774 4043 venit,
797 3990 852 4050 per
873 3989 960 4050 quam
983 3990 1101 4049 quoquc
1122 3979 1238 4033 mortua
1259 3973 1414 4034 Acurccuu
1465 4007 1473 4014 -

366 4094 398 4144 60
415 4080 561 4142 Dumium
582 4080 687 4140 dolens
708 4079 850 4160 suspirat,
874 4099 1030 4160 poenaque
1052 4099 1137 4142 sacro

414 4188 547 4249 Palladio
569 4201 615 4249 sat
632 4189 712 4269 justa
735 4191 830 4250 datur.
875 4191 958 4250 Tunc
979 4208 1031 4249 ora
1054 4189 1215 4251 resolvens:

414 4297 607 4377 Praeceptor,
631 4298 706 4372 dixi,
730 4299 755 4360 si
779 4319 812 4359 ea
835 4299 893 4359 illis
915 4299 993 4361 forta
1015 4299 1121 4361 favillis

415 4406 530 4468 Mittere
551 4409 639 4469 verba
662 4417 774 4488 queunt
794 4407 859 4481 isti,
881 4409 975 4486 magis
998 4428 1051 4471 oro
1073 4427 1249 4490 precorque,

415 4518 511 4597 Atque
532 4517 605 4578 haec
626 4515 707 4579 mille
729 4535 835 4597 preces
856 4517 952 4579 valeat
972 4537 1059 4598 prex:
1083 4518 1201 4592 desine,
1226 4537 1347 4598 quaeso,
