<?xml version="1.0" encoding="UTF-8"?>
<!DOCTYPE html PUBLIC "-//W3C//DTD XHTML 1.0 Transitional//EN"
    "http://www.w3.org/TR/xhtml1/DTD/xhtml1-transitional.dtd">
<html xmlns="http://www.w3.org/1999/xhtml" xml:lang="en" lang="en">
 <head>
  <title>
</title>
<meta http-equiv="Content-Type" content="text/html;charset=utf-8" />
  <meta name='ocr-system' content='tesseract 3.04.00' />
  <meta name='ocr-capabilities' content='ocr_page ocr_carea ocr_par ocr_line ocrx_word'/>
</head>
<body>
  <div class='ocr_page' id='page_1' title='image "./divinacomoedia01piazgoog_0371.png"; bbox 0 0 3282 5404; ppageno 0'>
   <div class='ocr_carea' id='block_1_1' title="bbox 354 471 1022 534">
    <p class='ocr_par' dir='ltr' id='par_1_1' title="bbox 354 471 1022 534">
     <span class='ocr_line' id='line_1_1' title="bbox 354 471 1022 534; baseline 0.007 -10"><span class='ocrx_word' id='word_1_1' title='bbox 354 471 417 534; x_wconf 73' lang='lat'><strong>814</strong></span> <span class='ocrx_word' id='word_1_2' title='bbox 818 475 954 528; x_wconf 73' lang='lat' dir='ltr'><strong>lamntsl</strong></span> <span class='ocrx_word' id='word_1_3' title='bbox 972 478 1022 528; x_wconf 86' lang='lat' dir='ltr'><strong>llll.</strong></span> 
     </span>
    </p>
   </div>
   <div class='ocr_carea' id='block_1_2' title="bbox 1265 574 1520 588">
    <p class='ocr_par' dir='ltr' id='par_1_2' title="bbox 1265 574 1520 588">
     <span class='ocr_line' id='line_1_2' title="bbox 1265 574 1520 588; baseline 0.016 -4"><span class='ocrx_word' id='word_1_4' title='bbox 1265 574 1520 588; x_wconf 50' lang='lat' dir='ltr'><strong>m.-</strong></span> 
     </span>
    </p>
   </div>
   <div class='ocr_carea' id='block_1_3' title="bbox 353 691 1359 1545">
    <p class='ocr_par' dir='ltr' id='par_1_3' title="bbox 419 691 1304 886">
     <span class='ocr_line' id='line_1_3' title="bbox 419 691 1304 777; baseline 0.011 -24"><span class='ocrx_word' id='word_1_5' title='bbox 419 691 575 754; x_wconf 74' lang='lat' dir='ltr'><strong>Pastotnm</strong></span> <span class='ocrx_word' id='word_1_6' title='bbox 597 692 763 773; x_wconf 64' lang='lat' dir='ltr'><strong>stringnen</strong></span> <span class='ocrx_word' id='word_1_7' title='bbox 784 711 888 756; x_wconf 76' lang='lat' dir='ltr'><strong>nmmo</strong></span> <span class='ocrx_word' id='word_1_8' title='bbox 910 695 985 758; x_wconf 81' lang='lat' dir='ltr'><strong>haee</strong></span> <span class='ocrx_word' id='word_1_9' title='bbox 1006 705 1054 759; x_wconf 90' lang='lat' dir='ltr'><strong>est</strong></span> <span class='ocrx_word' id='word_1_10' title='bbox 1073 699 1187 762; x_wconf 86' lang='lat' dir='ltr'><strong>tootula</strong></span> <span class='ocrx_word' id='word_1_11' title='bbox 1207 699 1304 777; x_wconf 81' lang='lat' dir='ltr'><strong>nube,</strong></span> 
     </span>
     <span class='ocr_line' id='line_1_4' title="bbox 419 801 1143 886; baseline 0.008 -22"><span class='ocrx_word' id='word_1_12' title='bbox 419 802 458 864; x_wconf 91' lang='lat' dir='ltr'><strong>Ut</strong></span> <span class='ocrx_word' id='word_1_13' title='bbox 479 802 551 864; x_wconf 88' lang='lat' dir='ltr'><strong>sutis</strong></span> <span class='ocrx_word' id='word_1_14' title='bbox 574 801 670 882; x_wconf 78' lang='lat' dir='ltr'><strong>exigui</strong></span> <span class='ocrx_word' id='word_1_15' title='bbox 691 803 729 866; x_wconf 82' lang='lat' dir='ltr'><strong>nd</strong></span> <span class='ocrx_word' id='word_1_16' title='bbox 750 807 850 866; x_wconf 83' lang='lat' dir='ltr'><strong>vestes</strong></span> <span class='ocrx_word' id='word_1_17' title='bbox 872 804 913 866; x_wconf 89' lang='lat' dir='ltr'><strong>sit</strong></span> <span class='ocrx_word' id='word_1_18' title='bbox 934 805 1020 886; x_wconf 84' lang='lat' dir='ltr'><strong>nupia</strong></span> <span class='ocrx_word' id='word_1_19' title='bbox 1041 808 1143 886; x_wconf 85' lang='lat' dir='ltr'><strong>paoni.</strong></span> 
     </span>
    </p>

    <p class='ocr_par' dir='ltr' id='par_1_4' title="bbox 354 911 1359 1429">
     <span class='ocr_line' id='line_1_5' title="bbox 354 911 1245 998; baseline 0.009 -26"><span class='ocrx_word' id='word_1_20' title='bbox 354 932 403 984; x_wconf 62' lang='grc' dir='ltr'><strong>ιω</strong></span> <span class='ocrx_word' id='word_1_21' title='bbox 461 911 547 974; x_wconf 88' lang='lat' dir='ltr'><strong>Nuoo</strong></span> <span class='ocrx_word' id='word_1_22' title='bbox 568 911 595 974; x_wconf 93' lang='lat' dir='ltr'><strong>si</strong></span> <span class='ocrx_word' id='word_1_23' title='bbox 616 919 725 976; x_wconf 81' lang='lat' dir='ltr'><strong>nostra·</strong></span> <span class='ocrx_word' id='word_1_24' title='bbox 740 914 794 978; x_wconf 90' lang='lat' dir='ltr'><strong>tibi</strong></span> <span class='ocrx_word' id='word_1_25' title='bbox 815 931 877 976; x_wconf 90' lang='lat' dir='ltr'><strong>non</strong></span> <span class='ocrx_word' id='word_1_26' title='bbox 899 923 947 978; x_wconf 86' lang='lat' dir='ltr'><strong>est</strong></span> <span class='ocrx_word' id='word_1_27' title='bbox 967 914 1096 980; x_wconf 83' lang='lat' dir='ltr'><strong>obseura</strong></span> <span class='ocrx_word' id='word_1_28' title='bbox 1116 917 1245 998; x_wconf 75' lang='lat' dir='ltr'><strong>loquela,</strong></span> 
     </span>
     <span class='ocr_line' id='line_1_6' title="bbox 420 1020 1256 1107; baseline 0.011 -24"><span class='ocrx_word' id='word_1_29' title='bbox 420 1020 452 1083; x_wconf 90' lang='lat' dir='ltr'><strong>Si</strong></span> <span class='ocrx_word' id='word_1_30' title='bbox 474 1020 563 1084; x_wconf 78' lang='lat' dir='ltr'><strong>verba</strong></span> <span class='ocrx_word' id='word_1_31' title='bbox 585 1029 726 1086; x_wconf 82' lang='lat' dir='ltr'><strong>attentam</strong></span> <span class='ocrx_word' id='word_1_32' title='bbox 747 1023 801 1086; x_wconf 86' lang='lat' dir='ltr'><strong>tibi</strong></span> <span class='ocrx_word' id='word_1_33' title='bbox 824 1031 894 1086; x_wconf 86' lang='lat' dir='ltr'><strong>sunt</strong></span> <span class='ocrx_word' id='word_1_34' title='bbox 915 1023 1048 1088; x_wconf 87' lang='lat' dir='ltr'><strong>immissa</strong></span> <span class='ocrx_word' id='word_1_35' title='bbox 1068 1045 1124 1107; x_wconf 84' lang='lat' dir='ltr'><strong>per</strong></span> <span class='ocrx_word' id='word_1_36' title='bbox 1144 1046 1256 1102; x_wconf 67' lang='lat' dir='ltr'><strong>auru,</strong></span> 
     </span>
     <span class='ocr_line' id='line_1_7' title="bbox 420 1129 1231 1211; baseline 0.01 -20"><span class='ocrx_word' id='word_1_37' title='bbox 420 1129 462 1204; x_wconf 86' lang='lat' dir='ltr'><strong>Si,</strong></span> <span class='ocrx_word' id='word_1_38' title='bbox 485 1150 561 1211; x_wconf 90' lang='lat' dir='ltr'><strong>quae</strong></span> <span class='ocrx_word' id='word_1_39' title='bbox 584 1132 774 1206; x_wconf 76' lang='lat' dir='ltr'><strong>salussam,</strong></span> <span class='ocrx_word' id='word_1_40' title='bbox 796 1151 931 1210; x_wconf 81' lang='lat' dir='ltr'><strong>revonss,</strong></span> <span class='ocrx_word' id='word_1_41' title='bbox 953 1143 1111 1198; x_wconf 83' lang='lat' dir='ltr'><strong>contentus</strong></span> <span class='ocrx_word' id='word_1_42' title='bbox 1132 1137 1231 1201; x_wconf 78' lang='lat' dir='ltr'>abibis</span> 
     </span>
     <span class='ocr_line' id='line_1_8' title="bbox 419 1239 1359 1324; baseline 0.013 -23"><span class='ocrx_word' id='word_1_43' title='bbox 419 1239 461 1301; x_wconf 80' lang='lat' dir='ltr'><strong>Ex</strong></span> <span class='ocrx_word' id='word_1_44' title='bbox 482 1247 583 1319; x_wconf 65' lang='lat' dir='ltr'><strong>psalm</strong></span> <span class='ocrx_word' id='word_1_45' title='bbox 604 1241 670 1321; x_wconf 84' lang='lat' dir='ltr'><strong>ipse</strong></span> <span class='ocrx_word' id='word_1_46' title='bbox 693 1242 804 1305; x_wconf 88' lang='lat' dir='ltr'><strong>etenim</strong></span> <span class='ocrx_word' id='word_1_47' title='bbox 825 1261 932 1306; x_wconf 80' lang='lat' dir='ltr'><strong>semes</strong></span> <span class='ocrx_word' id='word_1_48' title='bbox 953 1243 1094 1324; x_wconf 78' lang='lat' dir='ltr'><strong>plantam,</strong></span> <span class='ocrx_word' id='word_1_49' title='bbox 1116 1247 1198 1310; x_wconf 88' lang='lat' dir='ltr'><strong>unde</strong></span> <span class='ocrx_word' id='word_1_50' title='bbox 1218 1258 1359 1312; x_wconf 76' lang='lat' dir='ltr'><strong>sensatur</strong></span> 
     </span>
     <span class='ocr_line' id='line_1_9' title="bbox 418 1349 1230 1429; baseline 0.012 -19"><span class='ocrx_word' id='word_1_51' title='bbox 418 1349 515 1423; x_wconf 85' lang='lat' dir='ltr'><strong>llumi,</strong></span> <span class='ocrx_word' id='word_1_52' title='bbox 537 1357 568 1412; x_wconf 90' lang='lat' dir='ltr'><strong>et</strong></span> <span class='ocrx_word' id='word_1_53' title='bbox 587 1350 793 1429; x_wconf 84' lang='lat' dir='ltr'><strong>praeoiuotum</strong></span> <span class='ocrx_word' id='word_1_54' title='bbox 812 1369 902 1416; x_wconf 82' lang='lat' dir='ltr'><strong>renes</strong></span> <span class='ocrx_word' id='word_1_55' title='bbox 923 1353 964 1416; x_wconf 84' lang='lat' dir='ltr'><strong>ita</strong></span> <span class='ocrx_word' id='word_1_56' title='bbox 986 1353 1230 1420; x_wconf 73' lang='lat' dir='ltr'><strong>concludentem:</strong></span> 
     </span>
    </p>

    <p class='ocr_par' dir='ltr' id='par_1_5' title="bbox 353 1459 1245 1545">
     <span class='ocr_line' id='line_1_10' title="bbox 353 1459 1245 1545; baseline 0.008 -22"><span class='ocrx_word' id='word_1_57' title='bbox 353 1470 402 1524; x_wconf 70' lang='lat'><strong>125</strong></span> <span class='ocrx_word' id='word_1_58' title='bbox 418 1459 543 1540; x_wconf 80' lang='lat' dir='ltr'><strong>Pinpus&#39;s</strong></span> <span class='ocrx_word' id='word_1_59' title='bbox 564 1461 618 1524; x_wconf 80' lang='lat' dir='ltr'><strong>uli</strong></span> <span class='ocrx_word' id='word_1_60' title='bbox 637 1464 755 1534; x_wconf 73' lang='lat' dir='ltr'><strong>orauit,</strong></span> <span class='ocrx_word' id='word_1_61' title='bbox 777 1465 830 1544; x_wconf 78' lang='lat' dir='ltr'><strong>qul</strong></span> <span class='ocrx_word' id='word_1_62' title='bbox 850 1479 900 1526; x_wconf 83' lang='lat' dir='ltr'><strong>res</strong></span> <span class='ocrx_word' id='word_1_63' title='bbox 921 1481 986 1527; x_wconf 76' lang='lat' dir='ltr'><strong>ooo</strong></span> <span class='ocrx_word' id='word_1_64' title='bbox 1007 1475 1108 1545; x_wconf 80' lang='lat' dir='ltr'><strong>onptst</strong></span> <span class='ocrx_word' id='word_1_65' title='bbox 1128 1468 1245 1531; x_wconf 79' lang='lat' dir='ltr'><strong>inanes.</strong></span> 
     </span>
    </p>
   </div>
   <div class='ocr_carea' id='block_1_4' title="bbox 913 1719 988 1806">
    <p class='ocr_par' dir='ltr' id='par_1_6' title="bbox 913 1719 988 1806">
     <span class='ocr_line' id='line_1_11' title="bbox 913 1719 988 1806; baseline -0.013 0"><span class='ocrx_word' id='word_1_66' title='bbox 913 1719 988 1806; x_wconf 83' lang='lat' dir='ltr'><strong>llll.</strong></span> 
     </span>
    </p>
   </div>
   <div class='ocr_carea' id='block_1_5' title="bbox 362 1899 1398 4510">
    <p class='ocr_par' dir='ltr' id='par_1_7' title="bbox 362 1899 1398 4510">
     <span class='ocr_line' id='line_1_12' title="bbox 459 1899 1268 1984; baseline 0.007 -22"><span class='ocrx_word' id='word_1_67' title='bbox 459 1899 647 1963; x_wconf 73' lang='lat' dir='ltr'><strong>Postremum</strong></span> <span class='ocrx_word' id='word_1_68' title='bbox 668 1899 844 1981; x_wconf 76' lang='lat' dir='ltr'><strong>simulatque</strong></span> <span class='ocrx_word' id='word_1_69' title='bbox 866 1901 930 1966; x_wconf 88' lang='lat' dir='ltr'><strong>suit</strong></span> <span class='ocrx_word' id='word_1_70' title='bbox 951 1901 1001 1964; x_wconf 82' lang='lat' dir='ltr'><strong>lux</strong></span> <span class='ocrx_word' id='word_1_71' title='bbox 1021 1900 1098 1966; x_wconf 78' lang='lat' dir='ltr'><strong>mma</strong></span> <span class='ocrx_word' id='word_1_72' title='bbox 1118 1903 1268 1984; x_wconf 77' lang='lat' dir='ltr'><strong>loquelam</strong></span> 
     </span>
     <span class='ocr_line' id='line_1_13' title="bbox 416 2008 1073 2090; baseline 0.003 -18"><span class='ocrx_word' id='word_1_73' title='bbox 416 2008 588 2090; x_wconf 68' lang='lat' dir='ltr'><strong>assumpsit</strong></span> <span class='ocrx_word' id='word_1_74' title='bbox 607 2009 700 2072; x_wconf 81' lang='lat' dir='ltr'><strong>lubrie</strong></span> <span class='ocrx_word' id='word_1_75' title='bbox 720 2009 777 2072; x_wconf 80' lang='lat' dir='ltr'><strong>lari</strong></span> <span class='ocrx_word' id='word_1_76' title='bbox 797 2009 941 2074; x_wconf 78' lang='lat' dir='ltr'><strong>ulteriora</strong></span> <span class='ocrx_word' id='word_1_77' title='bbox 961 2019 1073 2090; x_wconf 74' lang='lat' dir='ltr'><strong>putuit,</strong></span> 
     </span>
     <span class='ocr_line' id='line_1_14' title="bbox 418 2117 1306 2186; baseline 0.005 -4"><span class='ocrx_word' id='word_1_78' title='bbox 418 2119 494 2182; x_wconf 82' lang='lat' dir='ltr'><strong>Orsa</strong></span> <span class='ocrx_word' id='word_1_79' title='bbox 515 2125 615 2180; x_wconf 83' lang='lat' dir='ltr'><strong>rotare</strong></span> <span class='ocrx_word' id='word_1_80' title='bbox 636 2117 747 2180; x_wconf 82' lang='lat' dir='ltr'><strong>molam</strong></span> <span class='ocrx_word' id='word_1_81' title='bbox 768 2129 816 2182; x_wconf 83' lang='lat' dir='ltr'><strong>est</strong></span> <span class='ocrx_word' id='word_1_82' title='bbox 837 2127 986 2182; x_wconf 76' lang='lat' dir='ltr'><strong>sancum:</strong></span> <span class='ocrx_word' id='word_1_83' title='bbox 1010 2137 1067 2184; x_wconf 87' lang='lat' dir='ltr'><strong>oen</strong></span> <span class='ocrx_word' id='word_1_84' title='bbox 1087 2128 1217 2184; x_wconf 79' lang='lat' dir='ltr'><strong>verterat</strong></span> <span class='ocrx_word' id='word_1_85' title='bbox 1237 2131 1306 2186; x_wconf 84' lang='lat' dir='ltr'><strong>aute</strong></span> 
     </span>
     <span class='ocr_line' id='line_1_15' title="bbox 417 2227 1367 2310; baseline 0.005 -19"><span class='ocrx_word' id='word_1_86' title='bbox 417 2229 524 2292; x_wconf 85' lang='lat' dir='ltr'><strong>Totum</strong></span> <span class='ocrx_word' id='word_1_87' title='bbox 548 2228 660 2303; x_wconf 82' lang='lat' dir='ltr'><strong>nubem,</strong></span> <span class='ocrx_word' id='word_1_88' title='bbox 683 2229 762 2292; x_wconf 79' lang='lat' dir='ltr'><strong>hano</strong></span> <span class='ocrx_word' id='word_1_89' title='bbox 782 2227 841 2291; x_wconf 84' lang='lat' dir='ltr'><strong>alio</strong></span> <span class='ocrx_word' id='word_1_90' title='bbox 864 2247 952 2310; x_wconf 88' lang='lat' dir='ltr'><strong>quam</strong></span> <span class='ocrx_word' id='word_1_91' title='bbox 975 2230 1131 2294; x_wconf 76' lang='lat' dir='ltr'><strong>incluserit</strong></span> <span class='ocrx_word' id='word_1_92' title='bbox 1152 2232 1244 2294; x_wconf 85' lang='lat' dir='ltr'><strong>altera</strong></span> <span class='ocrx_word' id='word_1_93' title='bbox 1266 2233 1367 2308; x_wconf 71' lang='lat' dir='ltr'><strong>aneto,</strong></span> 
     </span>
     <span class='ocr_line' id='line_1_16' title="bbox 383 2340 1301 2421; baseline 0.007 -21"><span class='ocrx_word' id='word_1_94' title='bbox 383 2347 399 2400; x_wconf 77' lang='lat' dir='ltr'><strong>n</strong></span> <span class='ocrx_word' id='word_1_95' title='bbox 416 2340 453 2403; x_wconf 83' lang='lat' dir='ltr'><strong>Et</strong></span> <span class='ocrx_word' id='word_1_96' title='bbox 474 2347 586 2400; x_wconf 89' lang='lat' dir='ltr'><strong>motum</strong></span> <span class='ocrx_word' id='word_1_97' title='bbox 608 2347 700 2412; x_wconf 87' lang='lat' dir='ltr'><strong>motu,</strong></span> <span class='ocrx_word' id='word_1_98' title='bbox 724 2345 755 2402; x_wconf 90' lang='lat' dir='ltr'><strong>et</strong></span> <span class='ocrx_word' id='word_1_99' title='bbox 775 2345 894 2402; x_wconf 80' lang='lat' dir='ltr'><strong>naaman</strong></span> <span class='ocrx_word' id='word_1_100' title='bbox 916 2347 1006 2402; x_wconf 82' lang='lat' dir='ltr'><strong>uentu</strong></span> <span class='ocrx_word' id='word_1_101' title='bbox 1027 2341 1094 2421; x_wconf 84' lang='lat' dir='ltr'><strong>ipsa</strong></span> <span class='ocrx_word' id='word_1_102' title='bbox 1115 2343 1301 2420; x_wconf 77' lang='lat' dir='ltr'><strong>senuntlms3</strong></span> 
     </span>
     <span class='ocr_line' id='line_1_17' title="bbox 417 2448 1119 2530; baseline -0.001 -17"><span class='ocrx_word' id='word_1_103' title='bbox 417 2450 522 2520; x_wconf 77' lang='lat' dir='ltr'><strong>Canto.</strong></span> <span class='ocrx_word' id='word_1_104' title='bbox 546 2449 597 2530; x_wconf 93' lang='lat' dir='ltr'><strong>qui</strong></span> <span class='ocrx_word' id='word_1_105' title='bbox 618 2448 711 2512; x_wconf 80' lang='lat' dir='ltr'><strong>vineit</strong></span> <span class='ocrx_word' id='word_1_106' title='bbox 730 2455 813 2510; x_wconf 79' lang='lat' dir='ltr'><strong>nou</strong></span> <span class='ocrx_word' id='word_1_107' title='bbox 835 2449 1030 2514; x_wconf 86' lang='lat' dir='ltr'><strong>Pamassides</strong></span> <span class='ocrx_word' id='word_1_108' title='bbox 1052 2451 1119 2512; x_wconf 83' lang='lat' dir='ltr'><strong>illas</strong></span> 
     </span>
     <span class='ocr_line' id='line_1_18' title="bbox 417 2559 1150 2641; baseline 0.003 -19"><span class='ocrx_word' id='word_1_109' title='bbox 417 2559 540 2622; x_wconf 84' lang='lat' dir='ltr'><strong>Sirenes</strong></span> <span class='ocrx_word' id='word_1_110' title='bbox 562 2565 690 2632; x_wconf 80' lang='lat' dir='ltr'><strong>nostras,</strong></span> <span class='ocrx_word' id='word_1_111' title='bbox 713 2565 825 2638; x_wconf 88' lang='lat' dir='ltr'><strong>quanto</strong></span> <span class='ocrx_word' id='word_1_112' title='bbox 847 2559 897 2621; x_wconf 87' lang='lat' dir='ltr'><strong>lux</strong></span> <span class='ocrx_word' id='word_1_113' title='bbox 917 2560 1013 2639; x_wconf 84' lang='lat' dir='ltr'><strong>prima</strong></span> <span class='ocrx_word' id='word_1_114' title='bbox 1035 2560 1150 2641; x_wconf 85' lang='lat' dir='ltr'><strong>repulsi</strong></span> 
     </span>
     <span class='ocr_line' id='line_1_19' title="bbox 416 2667 1171 2750; baseline 0.005 -20"><span class='ocrx_word' id='word_1_115' title='bbox 416 2668 614 2750; x_wconf 78' lang='lat' dir='ltr'><strong>splendorem</strong></span> <span class='ocrx_word' id='word_1_116' title='bbox 635 2669 721 2730; x_wconf 77' lang='lat' dir='ltr'><strong>radii.</strong></span> <span class='ocrx_word' id='word_1_117' title='bbox 765 2667 861 2731; x_wconf 87' lang='lat' dir='ltr'><strong>Veluti</strong></span> <span class='ocrx_word' id='word_1_118' title='bbox 882 2687 938 2750; x_wconf 80' lang='lat' dir='ltr'><strong>per</strong></span> <span class='ocrx_word' id='word_1_119' title='bbox 958 2670 1060 2732; x_wconf 90' lang='lat' dir='ltr'><strong>mollia</strong></span> <span class='ocrx_word' id='word_1_120' title='bbox 1081 2671 1171 2734; x_wconf 85' lang='lat' dir='ltr'><strong>uubis</strong></span> 
     </span>
     <span class='ocr_line' id='line_1_20' title="bbox 415 2777 1145 2859; baseline 0.003 -17"><span class='ocrx_word' id='word_1_121' title='bbox 415 2781 518 2859; x_wconf 76' lang='lat' dir='ltr'><strong>Aeque</strong></span> <span class='ocrx_word' id='word_1_122' title='bbox 540 2777 685 2840; x_wconf 76' lang='lat' dir='ltr'><strong>distantes</strong></span> <span class='ocrx_word' id='word_1_123' title='bbox 706 2795 794 2840; x_wconf 84' lang='lat' dir='ltr'><strong>arnus</strong></span> <span class='ocrx_word' id='word_1_124' title='bbox 815 2778 991 2859; x_wconf 76' lang='lat' dir='ltr'><strong>similesque</strong></span> <span class='ocrx_word' id='word_1_125' title='bbox 1012 2781 1145 2844; x_wconf 85' lang='lat' dir='ltr'><strong>oolomm</strong></span> 
     </span>
     <span class='ocr_line' id='line_1_21' title="bbox 367 2888 1173 2968; baseline 0.009 -21"><span class='ocrx_word' id='word_1_126' title='bbox 367 2896 399 2948; x_wconf 81' lang='lat'><strong>10</strong></span> <span class='ocrx_word' id='word_1_127' title='bbox 414 2890 586 2963; x_wconf 76' lang='lat' dir='ltr'><strong>Volvuntur.</strong></span> <span class='ocrx_word' id='word_1_128' title='bbox 609 2903 677 2950; x_wconf 80' lang='lat' dir='ltr'><strong>mm</strong></span> <span class='ocrx_word' id='word_1_129' title='bbox 697 2888 775 2950; x_wconf 82' lang='lat' dir='ltr'><strong>luno</strong></span> <span class='ocrx_word' id='word_1_130' title='bbox 794 2888 882 2968; x_wconf 84' lang='lat' dir='ltr'><strong>jubet</strong></span> <span class='ocrx_word' id='word_1_131' title='bbox 901 2889 1039 2953; x_wconf 85' lang='lat' dir='ltr'><strong>mandata</strong></span> <span class='ocrx_word' id='word_1_132' title='bbox 1059 2893 1173 2954; x_wconf 81' lang='lat' dir='ltr'><strong>reterre</strong></span> 
     </span>
     <span class='ocr_line' id='line_1_22' title="bbox 413 2997 1231 3078; baseline 0.001 -15"><span class='ocrx_word' id='word_1_133' title='bbox 413 2999 569 3070; x_wconf 79' lang='lat' dir='ltr'><strong>Ancillam,</strong></span> <span class='ocrx_word' id='word_1_134' title='bbox 590 2997 735 3074; x_wconf 80' lang='lat' dir='ltr'><strong>(exterior</strong></span> <span class='ocrx_word' id='word_1_135' title='bbox 756 2998 898 3078; x_wconf 76' lang='lat' dir='ltr'><strong>quonism</strong></span> <span class='ocrx_word' id='word_1_136' title='bbox 919 3008 1078 3077; x_wconf 75' lang='lat' dir='ltr'><strong>generatur</strong></span> <span class='ocrx_word' id='word_1_137' title='bbox 1098 3000 1135 3063; x_wconf 87' lang='lat' dir='ltr'><strong>ab</strong></span> <span class='ocrx_word' id='word_1_138' title='bbox 1159 3019 1231 3064; x_wconf 79' lang='lat' dir='ltr'><strong>oron</strong></span> 
     </span>
     <span class='ocr_line' id='line_1_23' title="bbox 415 3109 1204 3202; baseline 0.001 -29"><span class='ocrx_word' id='word_1_139' title='bbox 415 3110 562 3174; x_wconf 78' lang='lat' dir='ltr'><strong>Interiora</strong></span> <span class='ocrx_word' id='word_1_140' title='bbox 576 3126 681 3202; x_wconf 24' lang='lat' dir='ltr'><strong>ameno,</strong></span> <span class='ocrx_word' id='word_1_141' title='bbox 703 3116 737 3170; x_wconf 89' lang='lat' dir='ltr'><strong>ut</strong></span> <span class='ocrx_word' id='word_1_142' title='bbox 758 3125 834 3188; x_wconf 81' lang='lat' dir='ltr'><strong>quoe</strong></span> <span class='ocrx_word' id='word_1_143' title='bbox 855 3109 929 3172; x_wconf 84' lang='lat' dir='ltr'><strong>lenti</strong></span> <span class='ocrx_word' id='word_1_144' title='bbox 950 3119 1072 3174; x_wconf 87' lang='lat' dir='ltr'><strong>assonat</strong></span> <span class='ocrx_word' id='word_1_145' title='bbox 1091 3111 1204 3186; x_wconf 76' lang='lat' dir='ltr'><strong>Eueno,</strong></span> 
     </span>
     <span class='ocr_line' id='line_1_24' title="bbox 415 3217 1325 3303; baseline 0.003 -21"><span class='ocrx_word' id='word_1_146' title='bbox 415 3220 511 3293; x_wconf 84' lang='lat' dir='ltr'><strong>Quam</strong></span> <span class='ocrx_word' id='word_1_147' title='bbox 533 3217 721 3299; x_wconf 76' lang='lat' dir='ltr'><strong>consumpsit</strong></span> <span class='ocrx_word' id='word_1_148' title='bbox 740 3235 833 3292; x_wconf 81' lang='lat' dir='ltr'><strong>amor,</strong></span> <span class='ocrx_word' id='word_1_149' title='bbox 856 3235 914 3282; x_wconf 82' lang='lat' dir='ltr'><strong>oen</strong></span> <span class='ocrx_word' id='word_1_150' title='bbox 934 3219 1008 3282; x_wconf 88' lang='lat' dir='ltr'><strong>solis</strong></span> <span class='ocrx_word' id='word_1_151' title='bbox 1029 3221 1148 3284; x_wconf 82' lang='lat' dir='ltr'><strong>flamma</strong></span> <span class='ocrx_word' id='word_1_152' title='bbox 1168 3227 1325 3303; x_wconf 59' lang='lat' dir='ltr'><strong>vaporem)</strong></span> 
     </span>
     <span class='ocr_line' id='line_1_25' title="bbox 413 3320 1354 3408; baseline 0.002 -16"><span class='ocrx_word' id='word_1_153' title='bbox 413 3329 452 3392; x_wconf 87' lang='lat' dir='ltr'><strong>Et</strong></span> <span class='ocrx_word' id='word_1_154' title='bbox 473 3329 545 3392; x_wconf 85' lang='lat' dir='ltr'><strong>dant</strong></span> <span class='ocrx_word' id='word_1_155' title='bbox 563 3329 615 3390; x_wconf 87' lang='lat' dir='ltr'><strong>hio</strong></span> <span class='ocrx_word' id='word_1_156' title='bbox 635 3328 724 3406; x_wconf 76' lang='lat' dir='ltr'><strong>uulgo</strong></span> <span class='ocrx_word' id='word_1_157' title='bbox 744 3345 888 3408; x_wconf 76' lang='lat' dir='ltr'><strong>praesaga</strong></span> <span class='ocrx_word' id='word_1_158' title='bbox 909 3329 1029 3393; x_wconf 63' lang='lat' dir='ltr'><strong>uenere</strong></span> <span class='ocrx_word' id='word_1_159' title='bbox 1049 3339 1159 3406; x_wconf 87' lang='lat' dir='ltr'><strong>monte,</strong></span> <span class='ocrx_word' id='word_1_160' title='bbox 1349 3320 1354 3326; x_wconf 70' lang='grc'><strong>’</strong></span> 
     </span>
     <span class='ocr_line' id='line_1_26' title="bbox 365 3438 1398 3522; baseline 0 -20"><span class='ocrx_word' id='word_1_161' title='bbox 365 3446 398 3502; x_wconf 85' lang='lat'><strong>15</strong></span> <span class='ocrx_word' id='word_1_162' title='bbox 415 3439 499 3512; x_wconf 83' lang='lat' dir='ltr'><strong>Quae</strong></span> <span class='ocrx_word' id='word_1_163' title='bbox 518 3438 672 3518; x_wconf 79' lang='lat' dir='ltr'><strong>pepigisse</strong></span> <span class='ocrx_word' id='word_1_164' title='bbox 692 3439 786 3500; x_wconf 86' lang='lat' dir='ltr'><strong>lleum</strong></span> <span class='ocrx_word' id='word_1_165' title='bbox 807 3455 876 3500; x_wconf 84' lang='lat' dir='ltr'><strong>eum</strong></span> <span class='ocrx_word' id='word_1_166' title='bbox 896 3439 1000 3502; x_wconf 84' lang='lat' dir='ltr'><strong>Noatle</strong></span> <span class='ocrx_word' id='word_1_167' title='bbox 1020 3441 1143 3504; x_wconf 77' lang='lat' dir='ltr'><strong>foedera</strong></span> <span class='ocrx_word' id='word_1_168' title='bbox 1165 3441 1259 3522; x_wconf 76' lang='lat' dir='ltr'><strong>novit,</strong></span> <span class='ocrx_word' id='word_1_169' title='bbox 1390 3455 1398 3474; x_wconf 90' lang='lat'><strong>·</strong></span> 
     </span>
     <span class='ocr_line' id='line_1_27' title="bbox 414 3548 1321 3631; baseline 0.003 -20"><span class='ocrx_word' id='word_1_170' title='bbox 414 3548 454 3612; x_wconf 87' lang='lat' dir='ltr'><strong>Se</strong></span> <span class='ocrx_word' id='word_1_171' title='bbox 476 3567 537 3610; x_wconf 88' lang='lat' dir='ltr'><strong>nou</strong></span> <span class='ocrx_word' id='word_1_172' title='bbox 557 3548 687 3610; x_wconf 79' lang='lat' dir='ltr'><strong>ulturum</strong></span> <span class='ocrx_word' id='word_1_173' title='bbox 708 3549 836 3628; x_wconf 76' lang='lat' dir='ltr'><strong>posthac</strong></span> <span class='ocrx_word' id='word_1_174' title='bbox 856 3549 1001 3612; x_wconf 84' lang='lat' dir='ltr'><strong>mundum</strong></span> <span class='ocrx_word' id='word_1_175' title='bbox 1022 3550 1140 3630; x_wconf 70' lang='lat' dir='ltr'><strong>agmon</strong></span> <span class='ocrx_word' id='word_1_176' title='bbox 1161 3567 1321 3631; x_wconf 65' lang='lat' dir='ltr'><strong>marum:</strong></span> 
     </span>
     <span class='ocr_line' id='line_1_28' title="bbox 415 3658 1158 3722; baseline 0.001 -1"><span class='ocrx_word' id='word_1_177' title='bbox 415 3659 466 3721; x_wconf 83' lang='lat' dir='ltr'><strong>Sia</strong></span> <span class='ocrx_word' id='word_1_178' title='bbox 487 3658 546 3720; x_wconf 89' lang='lat' dir='ltr'><strong>duo</strong></span> <span class='ocrx_word' id='word_1_179' title='bbox 568 3665 648 3720; x_wconf 81' lang='lat' dir='ltr'><strong>sorta</strong></span> <span class='ocrx_word' id='word_1_180' title='bbox 668 3658 748 3720; x_wconf 82' lang='lat' dir='ltr'><strong>rosio</strong></span> <span class='ocrx_word' id='word_1_181' title='bbox 770 3658 900 3720; x_wconf 71' lang='lat' dir='ltr'><strong>sommis</strong></span> <span class='ocrx_word' id='word_1_182' title='bbox 921 3659 998 3722; x_wconf 84' lang='lat' dir='ltr'><strong>laeta</strong></span> <span class='ocrx_word' id='word_1_183' title='bbox 1019 3660 1132 3722; x_wconf 80' lang='lat' dir='ltr'><strong>moveri</strong></span> <span class='ocrx_word' id='word_1_184' title='bbox 1156 3667 1158 3675; x_wconf 82' lang='grc'>’</span> 
     </span>
     <span class='ocr_line' id='line_1_29' title="bbox 413 3767 1240 3850; baseline 0.001 -19"><span class='ocrx_word' id='word_1_185' title='bbox 413 3768 477 3831; x_wconf 82' lang='lat' dir='ltr'><strong>llos</strong></span> <span class='ocrx_word' id='word_1_186' title='bbox 499 3767 622 3842; x_wconf 86' lang='lat' dir='ltr'><strong>oiroum,</strong></span> <span class='ocrx_word' id='word_1_187' title='bbox 643 3767 847 3847; x_wconf 65' lang='lat' dir='ltr'><strong>intemaequo&#39;</strong></span> <span class='ocrx_word' id='word_1_188' title='bbox 861 3769 901 3830; x_wconf 84' lang='lat' dir='ltr'><strong>ita</strong></span> <span class='ocrx_word' id='word_1_189' title='bbox 922 3770 1108 3850; x_wconf 80' lang='lat' dir='ltr'><strong>respondere</strong></span> <span class='ocrx_word' id='word_1_190' title='bbox 1130 3787 1240 3832; x_wconf 80' lang='lat' dir='ltr'><strong>corona</strong></span> 
     </span>
     <span class='ocr_line' id='line_1_30' title="bbox 412 3876 1263 3959; baseline 0.004 -19"><span class='ocrx_word' id='word_1_191' title='bbox 412 3878 528 3940; x_wconf 86' lang='lat' dir='ltr'><strong>Extima</strong></span> <span class='ocrx_word' id='word_1_192' title='bbox 549 3877 613 3940; x_wconf 78' lang='lat' dir='ltr'><strong>uisa</strong></span> <span class='ocrx_word' id='word_1_193' title='bbox 634 3876 701 3938; x_wconf 81' lang='lat' dir='ltr'><strong>luit.</strong></span> <span class='ocrx_word' id='word_1_194' title='bbox 743 3877 906 3958; x_wconf 88' lang='lat' dir='ltr'><strong>Postquam</strong></span> <span class='ocrx_word' id='word_1_195' title='bbox 927 3878 1099 3959; x_wconf 81' lang='lat' dir='ltr'><strong>explieuem</strong></span> <span class='ocrx_word' id='word_1_196' title='bbox 1121 3880 1263 3942; x_wconf 77' lang='lat' dir='ltr'><strong>eboreum</strong></span> 
     </span>
     <span class='ocr_line' id='line_1_31' title="bbox 362 3987 1238 4067; baseline -0.002 -13"><span class='ocrx_word' id='word_1_197' title='bbox 362 4003 396 4055; x_wconf 79' lang='lat' dir='ltr'><strong>so</strong></span> <span class='ocrx_word' id='word_1_198' title='bbox 412 3987 629 4067; x_wconf 79' lang='lat' dir='ltr'><strong>laetitiamque</strong></span> <span class='ocrx_word' id='word_1_199' title='bbox 649 3987 738 4050; x_wconf 82' lang='lat' dir='ltr'><strong>aliam</strong></span> <span class='ocrx_word' id='word_1_200' title='bbox 760 3987 910 4065; x_wconf 80' lang='lat' dir='ltr'><strong>ingentem</strong></span> <span class='ocrx_word' id='word_1_201' title='bbox 932 3991 1004 4067; x_wconf 84' lang='lat' dir='ltr'><strong>(tam</strong></span> <span class='ocrx_word' id='word_1_202' title='bbox 1024 4005 1098 4052; x_wconf 78' lang='lat' dir='ltr'><strong>noso</strong></span> <span class='ocrx_word' id='word_1_203' title='bbox 1120 4007 1238 4063; x_wconf 79' lang='lat' dir='ltr'><strong>eonon,</strong></span> 
     </span>
     <span class='ocr_line' id='line_1_32' title="bbox 413 4097 1244 4178; baseline 0.004 -18"><span class='ocrx_word' id='word_1_204' title='bbox 413 4097 509 4170; x_wconf 85' lang='lat' dir='ltr'><strong>Quam</strong></span> <span class='ocrx_word' id='word_1_205' title='bbox 531 4097 598 4160; x_wconf 83' lang='lat' dir='ltr'><strong>luoe</strong></span> <span class='ocrx_word' id='word_1_206' title='bbox 619 4097 651 4160; x_wconf 90' lang='lat' dir='ltr'><strong>in</strong></span> <span class='ocrx_word' id='word_1_207' title='bbox 672 4097 770 4160; x_wconf 84' lang='lat' dir='ltr'><strong>lnoem</strong></span> <span class='ocrx_word' id='word_1_208' title='bbox 790 4098 914 4160; x_wconf 76' lang='lat' dir='ltr'><strong>alternis</strong></span> <span class='ocrx_word' id='word_1_209' title='bbox 935 4099 1069 4162; x_wconf 75' lang='lat' dir='ltr'><strong>ubrante</strong></span> <span class='ocrx_word' id='word_1_210' title='bbox 1087 4099 1244 4178; x_wconf 78' lang='lat' dir='ltr'><strong>vinissim),</strong></span> 
     </span>
     <span class='ocr_line' id='line_1_33' title="bbox 413 4207 1290 4290; baseline 0.005 -22"><span class='ocrx_word' id='word_1_211' title='bbox 413 4207 527 4270; x_wconf 82' lang='lat' dir='ltr'><strong>Gaudio</strong></span> <span class='ocrx_word' id='word_1_212' title='bbox 548 4215 679 4272; x_wconf 83' lang='lat' dir='ltr'><strong>testatae·</strong></span> <span class='ocrx_word' id='word_1_213' title='bbox 696 4223 733 4270; x_wconf 82' lang='lat' dir='ltr'><strong>ao</strong></span> <span class='ocrx_word' id='word_1_214' title='bbox 753 4207 879 4272; x_wconf 74' lang='lat' dir='ltr'><strong>nunnae</strong></span> <span class='ocrx_word' id='word_1_215' title='bbox 900 4216 989 4288; x_wconf 72' lang='lat' dir='ltr'><strong>etque</strong></span> <span class='ocrx_word' id='word_1_216' title='bbox 1010 4209 1168 4290; x_wconf 69' lang='lat' dir='ltr'><strong>quiem</strong></span> <span class='ocrx_word' id='word_1_217' title='bbox 1189 4219 1290 4273; x_wconf 83' lang='lat' dir='ltr'><strong>oertae</strong></span> 
     </span>
     <span class='ocr_line' id='line_1_34' title="bbox 412 4315 1311 4400; baseline 0.007 -23"><span class='ocrx_word' id='word_1_218' title='bbox 412 4315 458 4378; x_wconf 82' lang='lat' dir='ltr'><strong>ad</strong></span> <span class='ocrx_word' id='word_1_219' title='bbox 478 4323 598 4397; x_wconf 84' lang='lat' dir='ltr'><strong>tempus</strong></span> <span class='ocrx_word' id='word_1_220' title='bbox 618 4317 716 4392; x_wconf 80' lang='lat' dir='ltr'><strong>simul,</strong></span> <span class='ocrx_word' id='word_1_221' title='bbox 738 4324 780 4392; x_wconf 75' lang='lat' dir='ltr'><strong>nt,</strong></span> <span class='ocrx_word' id='word_1_222' title='bbox 803 4318 907 4398; x_wconf 86' lang='lat' dir='ltr'><strong>spooie</strong></span> <span class='ocrx_word' id='word_1_223' title='bbox 929 4334 997 4380; x_wconf 88' lang='lat' dir='ltr'><strong>oum</strong></span> <span class='ocrx_word' id='word_1_224' title='bbox 1018 4327 1067 4382; x_wconf 86' lang='lat' dir='ltr'><strong>est</strong></span> <span class='ocrx_word' id='word_1_225' title='bbox 1086 4319 1201 4400; x_wconf 80' lang='lat' dir='ltr'><strong>peruito</strong></span> <span class='ocrx_word' id='word_1_226' title='bbox 1221 4320 1311 4395; x_wconf 79' lang='lat' dir='ltr'><strong>dulei,</strong></span> 
     </span>
     <span class='ocr_line' id='line_1_35' title="bbox 411 4425 1327 4510; baseline 0.005 -23"><span class='ocrx_word' id='word_1_227' title='bbox 411 4425 478 4488; x_wconf 89' lang='lat' dir='ltr'><strong>lluo</strong></span> <span class='ocrx_word' id='word_1_228' title='bbox 498 4425 562 4490; x_wconf 86' lang='lat' dir='ltr'><strong>loto</strong></span> <span class='ocrx_word' id='word_1_229' title='bbox 581 4427 746 4508; x_wconf 80' lang='lat' dir='ltr'><strong>prohibens</strong></span> <span class='ocrx_word' id='word_1_230' title='bbox 767 4428 888 4504; x_wconf 75' lang='lat' dir='ltr'><strong>animm,</strong></span> <span class='ocrx_word' id='word_1_231' title='bbox 909 4431 1109 4510; x_wconf 65' lang='lat' dir='ltr'><strong>sanansque</strong></span> <span class='ocrx_word' id='word_1_232' title='bbox 1129 4443 1257 4494; x_wconf 81' lang='lat' dir='ltr'><strong>neeesse</strong></span> <span class='ocrx_word' id='word_1_233' title='bbox 1277 4436 1327 4493; x_wconf 85' lang='lat' dir='ltr'><strong>est</strong></span> 
     </span>
    </p>
   </div>
   <div class='ocr_carea' id='block_1_6' title="bbox 0 0 1646 5404">
    <p class='ocr_par' dir='ltr' id='par_1_8' title="bbox 0 0 1646 5404">
     <span class='ocr_line' id='line_1_36' title="bbox 0 0 1646 5404; baseline 0 7"><span class='ocrx_word' id='word_1_234' title='bbox 0 0 1646 5404; x_wconf 95' lang='lat' dir='ltr'><strong> </strong></span> 
     </span>
    </p>
   </div>
  </div>
 </body>
</html>
