3282 5404
332 469 394 534 328
794 474 929 526 ranrnrsr
947 475 991 526 xa.

349 701 383 756 75
402 695 497 766 Quam
520 691 626 766 nostia,
650 709 788 756 caussam
809 691 947 756 mortalia
969 691 1102 756 mambra
1125 693 1274 758 ferentum

398 803 463 866 diis
485 802 618 866 diversas
641 809 767 865 suerunt
787 802 943 882 imponere
965 818 1091 881 pennos.

400 912 500 986 Quare
523 929 587 992 ego,
611 912 662 992 qui
684 911 750 973 vivo
772 911 862 973 morti
884 911 1018 984 devotus,
1042 911 1073 972 in
1096 912 1153 974 iata

399 1021 497 1084 Sortis
519 1019 688 1102 inaequalis
708 1021 795 1084 video
818 1039 865 1082 me
887 1019 953 1099 lega
975 1027 1140 1094 retentum

398 1133 495 1212 Atque
517 1132 592 1202 haec
614 1149 720 1194 caussa
742 1130 807 1204 init,
830 1149 884 1193 our
905 1147 1026 1210 paream
1050 1130 1165 1192 solvere
1188 1143 1288 1210 grates

347 1251 382 1305 8⁰
399 1242 488 1316 Voce,
510 1260 545 1304 an
566 1240 696 1304 loetitiae
717 1239 856 1322 plaudam
878 1241 968 1302 modo
990 1240 1081 1304 eorde
1103 1247 1256 1320 paternae.

399 1351 442 1414 Te
464 1369 573 1433 precor
593 1351 660 1432 ipse
682 1351 811 1432 quidem,
835 1369 853 1411 o
876 1350 959 1412 vivax
979 1349 1052 1412 mihi
1075 1351 1193 1414 damma
1216 1354 1321 1433 topati,

398 1461 485 1524 Hune
508 1479 585 1542 quae
607 1461 780 1522 thesaurum
801 1458 969 1540 pretiosum
991 1476 1106 1538 gemma
1129 1461 1265 1536 decoras,

397 1570 456 1633 Per
477 1579 507 1634 te
529 1571 647 1650 expiare
669 1577 720 1632 tuo
742 1578 775 1632 ut
795 1568 884 1632 lineat
904 1568 978 1631 mihi
1000 1569 1121 1632 nornine
1143 1577 1283 1634 mentam.
1364 1653 1371 1666 ι
1407 1617 1411 1626 .

440 1681 465 1742 0
489 1699 554 1743 mea
577 1679 671 1754 irone,
694 1697 749 1760 per
771 1697 859 1758 quam
880 1677 963 1740 venit
984 1678 1057 1742 mihi
1080 1688 1159 1742 tanto
1176 1681 1314 1762 voluptas

346 1790 502 1854 ausuum
524 1788 699 1870 expectanti,
723 1807 761 1850 en
782 1788 867 1850 radix
888 1799 947 1862 tua,
971 1789 1040 1850 talia
1064 1799 1167 1851 contra

397 1900 469 1976 llle;
492 1917 527 1962 oo
548 1899 656 1962 deiude
678 1899 791 1979 inquit:
815 1897 872 1971 Qui
894 1900 1010 1978 primus
1031 1898 1154 1960 nomina
1175 1908 1276 1962 restro

397 2010 545 2091 Imposuit
566 2009 678 2088 generi,
702 2013 823 2088 etpost
844 2018 964 2069 oentunr
986 2016 1075 2088 atque
1098 2009 1226 2089 amplius
1248 2027 1345 2072 annos

399 2121 501 2184 Certat
522 2120 619 2183 adhue
640 2118 768 2200 primam
790 2117 901 2179 montis
924 2135 1067 2197 superare
1088 2137 1240 2194 eoronam,

399 2230 429 2292 is
452 2249 537 2294 meus
559 2237 607 2292 est
627 2237 725 2302 natus,
747 2227 867 2290 bisarua
889 2227 955 2301 tihi,
979 2229 1026 2290 eui
1048 2228 1136 2290 decet
1156 2247 1210 2290 ore

348 2349 382 2403 9⁰
398 2341 436 2402 Et
457 2340 545 2402 iactis
567 2347 596 2402 te
614 2339 677 2420 jam
693 2338 821 2417 iongum
843 2355 982 2400 reserare
1003 2338 1146 2400 laborem.

398 2450 545 2530 Antiquos
567 2449 644 2512 intra
665 2447 741 2510 fines
762 2447 916 2510 Florentia
936 2447 1035 2510 stabat

398 2559 477 2622 Pana
499 2560 603 2621 fruens
624 2559 723 2639 plena,
745 2575 837 2638 parvo
860 2563 999 2620 contenta
1021 2559 1207 2638 pudensqne.

399 2671 466 2732 Non
487 2669 584 2750 pictas
607 2669 720 2730 acubus
741 2675 848 2741 vestes,
871 2686 932 2730 uon
955 2667 1005 2730 iila
1027 2667 1156 2730 corollas

400 2779 560 2857 Coguntur,
582 2796 653 2853 non,
674 2777 802 2840 femellis
824 2797 901 2857 quae
923 2776 1083 2856 stringeret
1103 2786 1172 2857 apte

349 2903 383 2958 nn
401 2889 503 2962 Crura,
525 2887 754 2969 periscelidem
776 2905 833 2950 neo
855 2887 1025 2968 quidquam,
1050 2887 1168 2965 ringula
1190 2895 1318 2969 praeter,

399 2999 538 3060 Formam
559 2997 700 3078 fingebat.
742 2998 881 3060 Nondum
902 2997 994 3060 modo
1015 3003 1084 3059 nata
1106 3015 1216 3078 pavore

399 3107 477 3171 Filia
498 3108 657 3187 torquebat
677 3115 810 3188 patrem
832 3125 901 3168 nam
923 3115 1068 3187 tempora,
1092 3108 1207 3188 dasque

400 3219 479 3280 ilino
500 3226 589 3298 atque
611 3216 682 3278 inde
703 3219 824 3279 modum
846 3235 997 3297 nunqnam
1018 3217 1148 3280 transire
1170 3217 1317 3280 sinebant.

399 3327 486 3390 Nulla
508 3327 625 3402 domus,
647 3345 769 3390 vacuam
792 3345 880 3408 quarn
903 3327 987 3388 turba
1010 3327 1174 3389 domestica
1197 3335 1295 3388 morta

335 3450 384 3504 1⁰⁰
400 3437 599 3500 Deseruisset.
622 3447 695 3499 erat.
739 3437 887 3508 Nondum,
910 3436 961 3517 qui
984 3436 1015 3498 in
1036 3436 1158 3499 luminis
1181 3455 1259 3511 oras,

403 3547 555 3628 Quidquid
577 3553 682 3628 posset
703 3546 751 3626 agi
772 3556 886 3610 seurota
910 3547 942 3608 in
962 3557 1048 3628 porte
1070 3547 1235 3621 domorum,

401 3658 521 3732 Ederet,
544 3665 628 3718 ortus
649 3665 714 3717 erat
735 3656 815 3718 tristi
837 3656 907 3719 alite
929 3656 1161 3736 Sardanapains.

335 3775 339 3782 '
401 3767 541 3829 Nondum
561 3765 760 3828 dionsrnarins
782 3769 886 3835 monti,
909 3765 960 3846 qni
982 3765 1103 3828 nomina
1125 3765 1255 3846 primum

401 3876 491 3939 [inxit
511 3876 549 3938 ab
570 3875 708 3957 auoupio,
730 3875 859 3955 primam
881 3875 1012 3938 cessisse
1033 3875 1166 3956 priorem

337 3997 386 4052 105
403 3987 490 4050 Visus
513 3974 586 4060 erat,
609 3986 671 4067 qui,
692 3995 725 4048 ut
747 4005 825 4048 nuno
846 3993 1005 4067 suparatur
1026 3986 1155 4048 eulmine
1177 3984 1208 4046 in
1230 3987 1291 4047 isto

402 4096 584 4170 noscemus,
608 4097 648 4159 ita
669 4096 813 4171 vincetur,
835 4096 925 4158 dante
946 4096 1021 4158 urbe
1037 4095 1163 4158 ruinam.

405 4205 460 4268 His
482 4223 537 4285 ego
560 4205 620 4267 vidi
642 4204 738 4268 oeulis
759 4205 1092 4268 Bertin-Balinoionem
1114 4205 1194 4268 ossis

405 4315 444 4376 Et
465 4313 539 4375 oorii
562 4323 669 4378 ornatu
690 4316 829 4378 restitum
851 4314 1002 4390 incedere,
1024 4323 1055 4376 ot
1075 4335 1150 4378 uxor

404 4423 489 4487 iliius
511 4441 672 4506 numquam
693 4445 711 4488 a
732 4425 855 4508 speauio
878 4427 976 4488 innata
997 4425 1124 4488 redibat.
