3234 5396
89 471 95 748 Ι
615 521 751 572 l'llldlllSl
770 523 788 572 l.
1205 533 1212 550 ⁸

152 753 184 806 6⁰
200 739 275 802 lnde
297 744 396 802 amota
416 737 501 800 mihi.
543 739 673 804 Interius
695 759 762 803 sum
783 742 879 803 lactus
901 741 940 802 ob
962 741 1051 822 hujus

200 848 384 930 Adspeotum
404 847 484 921 talis,
507 849 626 930 qualem
647 868 680 911 se
701 849 777 916 vidit
798 851 836 912 ob
858 851 982 912 herbam

201 957 355 1020 Gustatam
378 957 535 1037 aequoreis
558 968 728 1024 consortem
750 959 884 1025 assidere
906 959 987 1021 Divis

203 1069 342 1130 Glaucus.
386 1067 438 1130 Sic
459 1068 612 1131 hominem
634 1087 775 1148 superum
796 1069 904 1132 virtute
926 1069 1018 1148 potiri

201 1179 262 1240 Res
285 1186 341 1251 est,
364 1195 440 1257 quae
460 1183 541 1239 vetat
561 1179 680 1240 ostendi
702 1195 757 1259 per
777 1178 882 1252 verba3
905 1178 958 1240 sed
981 1177 1061 1240 istud

152 1305 185 1358 aa
202 1289 258 1350 Est
279 1287 352 1350 satis
374 1285 549 1368 exemplum,
573 1288 659 1368 queis
682 1296 780 1351 servat
801 1287 894 1367 gratia
917 1288 1028 1350 donum

203 1398 276 1460 Tale
300 1396 477 1477 experturis.
498 1430 542 1441 -
564 1396 589 1459 0
612 1397 725 1461 aeterni
747 1397 827 1474 iguis
849 1395 975 1460 amoris!

203 1507 237 1569 Si
259 1514 375 1569 tantum
395 1505 468 1568 illud
492 1524 547 1584 ego
569 1506 629 1568 mci
652 1526 742 1580 eram,
766 1506 845 1586 quod
868 1506 944 1568 lucis
967 1506 998 1568 in
1021 1524 1108 1568 auras

203 1616 319 1678 Duxisti
342 1635 379 1678 ex
400 1615 495 1677 nihilo
518 1616 655 1695 primum,
678 1624 710 1678 tu
733 1616 784 1696 qui
806 1624 885 1678 astra
908 1616 1066 1694 gvrbernas,

203 1715 300 1788 Nosti.
343 1726 417 1786 Nam
440 1733 489 1788 tua
511 1725 562 1788 lux
583 1744 630 1788 me
652 1726 689 1788 ad
712 1726 789 1788 coeli
812 1726 934 1788 sustulit
955 1726 1061 1788 aulam.

154 1854 188 1906 70
246 1837 285 1898 Ut
306 1843 381 1908 rota,
405 1853 492 1914 quam
516 1843 663 1907 aeternas,
686 1855 703 1897 o
726 1855 842 1898 summa
865 1844 964 1916 optate
986 1834 1132 1914 voluptas,

204 1945 385 2008 Harmoniae
406 1944 455 2006 illa
477 1944 515 2018 vi,
539 1963 627 2024 quam
649 1953 682 2006 tu
702 1946 868 2008 modereris
891 1954 921 2008 et
943 1954 1011 2025 apte

203 2055 331 2135 Digeris,
355 2055 500 2116 intentum
522 2054 650 2129 attraxit,
673 2061 735 2117 tum
758 2057 832 2118 solis
854 2055 890 2118 ab
914 2055 983 2134 igne

204 2165 271 2228 Vidi
295 2163 391 2226 oculis
412 2172 527 2226 tantum
549 2163 627 2228 coeli
649 2167 875 2240 excandescere,
896 2173 930 2227 ut
951 2163 1047 2226 imber

123 2273 128 2284 '
204 2277 257 2338 Vel
278 2276 390 2336 flumen
411 2292 562 2354 uunquam
582 2284 644 2335 tam
665 2283 748 2336 vasto
772 2275 900 2355 quiverit
921 2274 1005 2336 alveo

155 2397 187 2452 75
204 2387 367 2448 lmmanent
390 2383 546 2464 peperisse
568 2383 676 2448 lacum.
720 2383 931 2448 llodulaminis
953 2383 1004 2446 ille

204 2496 327 2557 lnsueto
349 2512 442 2556 sonus
464 2493 582 2556 auditus
604 2494 689 2570 mihi,
711 2495 812 2558 lumen
834 2494 992 2573 elingens

204 2607 244 2668 lli
266 2604 419 2668 desiderio
441 2604 639 2666 incenderunt
659 2613 781 2684 pectora
801 2613 885 2668 tento

206 2718 397 2788 Caussarum,
419 2721 625 2795 utnusquam
648 2715 705 2776 sim
727 2715 786 2778 tale
809 2722 948 2796 expertus
971 2731 1107 2776 acumen.

206 2826 409 2905 Quapropter,
429 2843 505 2904 quae
526 2841 574 2885 me
596 2824 674 2887 haud
698 2825 792 2899 aliter,
816 2843 904 2905 quam
926 2843 974 2888 me
997 2823 1073 2904 ipse,
1095 2821 1223 2894 videbat,

155 2950 188 3004 80
205 2927 353 2999 Commoti
376 2934 502 3015 cupiens
523 2933 615 2996 animi
638 2953 817 3015 componere
840 2935 958 3008 lluctus,

204 3045 281 3108 Ante
303 3061 359 3123 ego
383 3063 470 3124 quam
491 3044 631 3124 loquerer
652 3044 823 3125 quidquam,
846 3043 890 3105 sic
912 3063 964 3104 ora
985 3041 1111 3104 resolvit

204 3156 302 3235 Atque
324 3155 380 3216 ait:
402 3155 472 3235 lpse
495 3154 570 3216 lacis
593 3165 621 3216 te
642 3173 762 3216 crassae
784 3153 904 3226 mentis,
926 3152 1047 3214 inanem

203 3264 358 3340 Effingens
381 3263 513 3344 speciem
534 3282 642 3338 rerum,
667 3271 699 3326 ut
719 3263 774 3325 tibi
797 3281 919 3324 cernere
941 3260 1068 3334 nonsit,

206 3373 295 3448 Quod
316 3382 357 3448 tu,
380 3374 436 3435 heo
457 3393 591 3448 excussa,
613 3373 796 3453 adspiceres.
829 3373 953 3434 Terram
973 3370 1054 3434 haud
1069 3369 1146 3450 pede
1165 3368 1282 3463 tangis,=

156 3489 188 3544 85
205 3485 243 3546 Ut
264 3501 351 3558 rere3
374 3491 404 3546 at
425 3503 485 3546 non
508 3484 554 3546 sio
575 3483 703 3546 nativam
724 3492 866 3564 praepete
888 3501 979 3544 cursu

205 3593 360 3672 Effugiens
382 3595 484 3658 sedem
507 3593 604 3673 fulgur
625 3595 693 3669 ruit,
715 3603 749 3656 ut
769 3593 847 3656 citus
869 3592 957 3654 istum

206 3703 253 3765 Tu
274 3702 388 3783 repetis
408 3703 517 3768 reditu.
538 3737 581 3748 —-
602 3704 674 3767 llilri
697 3704 722 3766 si
744 3703 846 3766 brevia
859 3702 946 3764 *edita
969 3699 1086 3762 dulcem

204 3813 301 3875 Verba
323 3812 401 3875 inter
421 3814 514 3876 nsum
536 3822 694 3876 suaserunt
716 3831 823 3876 exuere
843 3831 936 3874 unum

206 3923 355 3985 Conlusae
375 3923 485 3986 mentis
507 3923 639 3997 dubium,
661 3923 779 3985 irretire
801 3921 964 3984 secundum

174 4034 252 4094 olle
274 4033 383 4112 coepit,
408 4033 549 4113 dixique:
571 4034 634 4112 Ego
653 4034 717 4114 jam
738 4052 786 4095 me
808 4031 908 4094 animo
931 4049 999 4092 esse
1021 4029 1123 4110 quieto

205 4142 297 4217 tussi,
320 4150 478 4205 contentus
500 4151 547 4204 sat
568 4143 667 4222 magni
690 4161 706 4205 a
728 4142 807 4206 mole
829 4141 972 4221 stuporis.

206 4252 265 4317 Sed
289 4256 339 4333 qul
360 4260 547 4336 praevertam
567 4252 625 4315 ista
647 4251 797 4314 levissima
819 4267 946 4331 corpora
968 4269 1067 4321 cursu,

205 4363 239 4426 ld
262 4381 341 4424 nuno
362 4361 503 4425 admiror.
549 4362 648 4436 Quare
671 4371 740 4425 tuno
760 4371 883 4444 pectore
905 4361 1017 4422 ducens

205 4473 259 4536 llla
280 4472 332 4552 pio
356 4472 506 4552 gemitum,
531 4473 582 4535 tali
605 4473 636 4534 in
657 4492 704 4535 nte
726 4471 838 4536 lumrna
861 4470 942 4533 vultu

1131 4567 1161 4622 ts
