3214 5400
93 501 163 524 Γ...
198 501 780 512 ........,-..-,.-...........-..-.---.-
807 507 954 514 -.-.-,...-.
1001 509 1037 514 --
1069 511 1076 514 .
1121 511 1162 516 -,...

573 559 751 610 PUlleTOllll
772 561 809 608 lll.

200 774 276 836 Cura
298 775 353 836 luit
374 776 491 842 comitis
514 777 600 842 letus.
644 779 681 840 [lt
703 797 761 858 quo
781 779 905 842 tendere
930 797 1049 844 cursum

89 859 92 971 l
167 883 263 945 eboc
285 885 350 946 sine
373 884 558 964 quivissem?
581 888 655 960 Quis
678 907 726 950 me
748 907 803 968 per
825 908 893 950 sexu
915 890 1038 968 rigentis
1112 893 1116 900 '

88 974 91 1068 l
198 993 350 1055 Traxisset
372 995 480 1074 rupis?
502 997 669 1058 Percussus
691 1006 813 1076 pectora
834 1017 936 1060 morsu

198 1102 245 1165 lre
266 1103 421 1168 videbatur
441 1107 574 1186 proprio.
619 1106 750 1168 Orneus
774 1107 906 1180 conscie,
930 1108 1019 1186 dignu

198 1213 350 1290 Purnque,
373 1221 406 1274 ut
427 1215 524 1292 exigui
546 1217 664 1295 species
686 1217 797 1278 erroris
819 1236 919 1280 emero

198 1321 240 1383 Te
261 1323 366 1401 pungit
388 1324 523 1387 stimulo!
546 1359 587 1370 -
609 1326 771 1406 Postquam
792 1327 878 1405 pedis
901 1327 1028 1406 impetus
1050 1327 1133 1390 illum

150 1437 180 1488 tu
196 1431 350 1504 Destituit,
375 1435 509 1513 quemvis
531 1444 647 1512 gestum
669 1440 720 1520 qut
743 1436 861 1498 invertit
882 1437 1049 1508 honestum,

195 1542 279 1602 blens
301 1561 381 1614 mee,
405 1562 480 1623 quae
501 1546 598 1625 prime
620 1545 717 1608 stabnt
738 1553 901 1617 conuerte,
923 1564 1080 1609 resumens

195 1651 402 1731 Propositum,
426 1655 565 1732 expendit
586 1674 634 1726 se,
657 1663 691 1718 ut
711 1674 786 1733 quae
809 1655 963 1734 cupiebat.
988 1662 1017 1718 et
1038 1673 1089 1717 cre

196 1761 334 1822 Converti
356 1763 397 1822 ad,
416 1763 537 1837 clivum,
562 1765 612 1844 qui
636 1783 702 1826 sese
725 1765 850 1828 effundit
872 1773 901 1826 et
922 1764 979 1828 ulte

195 1871 241 1932 Fit
262 1873 388 1950 propior
410 1873 504 1936 coele.
527 1907 563 1920 -
591 1873 670 1936 Solis
692 1883 763 1953 post
784 1882 865 1950 terga
887 1874 1022 1940 rubentis

149 1988 178 2041 15
195 1979 341 2052 Flamma,
365 2001 432 2046 meu
455 1985 581 2045 densum
604 1985 760 2046 offendens
783 1984 962 2061 incorpore
985 1984 1121 2055 fulcrum,

84 2081 87 2190 l
194 2090 298 2152 Fracta
319 2111 416 2154 meent
439 2093 534 2156 lueret
554 2092 726 2155 describere
748 2092 810 2152 vise
831 2094 955 2169 figrrrem

84 2191 87 2302 l
194 2199 269 2260 Ante
291 2201 396 2278 pedes·
439 2203 502 2278 Ego
526 2212 587 2264 tum
609 2211 760 2276 metuens,
783 2221 821 2264 ne
843 2202 995 2282 linquerer
1017 2204 1077 2265 illic

83 2303 87 2402 l
194 2308 299 2380 Solus,
323 2329 370 2372 me
393 2312 481 2384 verti3
503 2313 556 2374 sed
578 2321 641 2374 tum
663 2312 736 2374 milri
759 2330 881 2374 cernere
904 2323 1012 2374 terrem

84 2409 86 2418 '
195 2418 325 2496 Contigit
346 2420 504 2484 obscurum
527 2430 593 2484 ente
616 2439 711 2484 meam
734 2422 935 2482 tautummodo
959 2423 1093 2484 tenuem.

146 2537 178 2587 20
236 2533 273 2589 nt
295 2529 384 2601 mibi,
408 2531 459 2610 qui
481 2530 613 2594 solamen
636 2540 715 2602 erat,
739 2531 782 2596 sic
804 2550 856 2592 cre
878 2533 1012 2610 prclstur

195 2638 289 2700 Totus
311 2638 341 2698 in
364 2657 540 2704 occursum:
565 2641 647 2713 Qune
670 2641 832 2704 diffidentia
855 2649 985 2704 mentem

197 2746 306 2826 Cepit?
328 2749 373 2808 ble
397 2758 494 2815 lecum
518 2769 599 2822 esse,
624 2758 721 2810 elme
744 2757 772 2812 te
796 2751 905 2812 ducere
928 2750 1053 2814 nescis?

193 2857 345 2936 Hesperus
369 2867 427 2932 est,
452 2859 502 2921 ubi
524 2859 657 2933 membre
675 2861 792 2940 jacent,
815 2861 900 2940 queis
924 2861 1041 2922 clausus
1064 2878 1185 2939 opernm

144 3091 175 3142 25
191 3075 395 3157 Parthenope3
418 3079 497 3156 qued
521 3079 546 3140 si
569 3098 639 3157 pree
662 3098 709 3141 me
731 3080 809 3141 haud
832 3079 993 3144 effunditur
1014 3079 1127 3151 umbra,

191 3185 234 3246 Ne
256 3187 364 3248 mirere
386 3189 496 3265 magis,
521 3207 608 3266 quem
631 3206 697 3250 cum
719 3208 779 3250 ncn
803 3189 912 3266 excipit
932 3188 1032 3263 ignem

190 3296 320 3357 Alterius
343 3297 433 3358 radiis
455 3298 595 3358 coelestis
618 3298 743 3378 quilibet
764 3298 866 3360 orbis.‘

190 3406 270 3466 Haec
291 3416 373 3485 paret
395 3415 462 3486 epta
485 3408 545 3486 pati
569 3409 730 3470 cruciatum
753 3417 925 3485 aestumque
948 3406 1073 3486 geluque

191 3516 338 3594 Corpore,
363 3517 552 3596 quaerimus
577 3517 663 3580 nebis
686 3517 800 3596 aperire
822 3524 941 3579 recuset

141 3627 172 3680 ³0
190 3624 278 3696 Quod
302 3626 380 3688 lecit.
424 3626 553 3699 Inserit,
577 3628 627 3706 qui
651 3646 704 3705 spe
727 3626 783 3688 sibi
807 3626 935 3704 spondet
956 3623 1034 3686 inani

190 3734 366 3798 lmmensam
388 3755 421 3796 se
443 3755 534 3814 posse
556 3737 632 3798 viem
651 3754 828 3815 percurrere
851 3743 958 3806 mente,

190 3843 284 3916 Quam
307 3851 388 3906 tenet
409 3864 467 3908 une
489 3845 542 3908 Ilei
566 3827 685 3913 uatum,
710 3845 876 3924 triplexque
898 3853 1029 3923 potestas

187 3953 281 4014 Unius
305 3961 334 4014 et
354 3955 435 4017 tn'ni.
478 3955 584 4018 Proles
606 3955 748 4024 bumana,
772 3955 874 4016 doceri

187 4063 253 4124 Non
276 4064 353 4125 ultra
374 4066 450 4126 flues
473 4059 758 4136 conteutmnbsiste
780 4065 903 4124 mereri.

137 4187 171 4240 35
187 4173 262 4234 Num
284 4173 310 4234 si
331 4173 359 4234 ri
381 4174 502 4253 proprie
524 4174 675 4253 potuisses
698 4175 813 4235 discere
836 4181 949 4245 cuncte,

187 4281 317 4358 Virginis
340 4283 464 4345 intactae
486 4284 564 4347 haud
588 4283 740 4361 eguissent
762 4291 896 4361 tempera
917 4290 1017 4361 partu:

185 4391 224 4452 Et
245 4391 395 4456 desiderio
417 4393 526 4456 multus
548 4393 712 4472 pallescere
733 4413 808 4454 veno

186 4500 325 4577 Vidistis,
350 4502 435 4581 queis
456 4502 544 4581 ptem
567 4502 652 4582 quies
675 4517 819 4564 concesse
841 4502 955 4564 luisset.

83 2539 86 2602 l

81 2605 84 2762 l

78 3067 81 3137 l

77 3242 80 3357 l

76 3360 79 3492 l

74 3493 78 3685 l

73 3791 77 3888 l

71 4045 74 4142 t

70 4263 73 4384 l

69 4391 72 4525 l

69 4686 124 4710 ¹——
146 4706 188 4712 --
198 4705 545 4713 -Q-——m-ro—--u-.—
552 4707 602 4712 ιι.-
613 4703 1107 4714 unna—um·—

192 2966 416 3065 Protendebarg
431 2968 575 3034 unrbrem.
618 2970 698 3033 llaec
721 2968 836 3032 Calabri
859 2988 999 3048 rapuere,
1022 2978 1101 3033 tenet
1124 2981 1201 3034 dunc
1302 3033 1304 3040 .
