3236 5394
455 551 466 576 ‘
583 569 776 618 rurnnucnuu
794 570 875 620 urin.

228 787 413 867 Principium
435 794 465 848 et
486 788 576 848 tinem
597 794 678 848 recte
700 787 778 848 velit.
821 787 917 866 thue
939 789 1112 868 frequenter

180 917 214 967 ιο
229 900 287 961 Res
310 897 368 958 alia
391 896 505 958 exalia
529 897 668 973 emergit,
692 896 736 957 sic
758 896 828 957 inde
851 897 972 958 suborta

231 1011 306 1071 Cura
329 1026 403 1068 ncva
427 1013 474 1066 est
494 1004 608 1077 animo,
631 1005 759 1084 primam
780 1006 951 1068 formidinis
973 1007 1108 1069 umbram

232 1119 314 1191 Quae
337 1116 486 1195 duplicem
508 1115 648 1176 ostendit.
692 1115 825 1194 Namque
846 1116 921 1176 haee
943 1133 997 1194 egc
1020 1118 1137 1202 uolnere
1159 1137 1291 1180 mecum:

229 1227 283 1288 lsti
306 1245 362 1286 uns
384 1233 508 1304 propter
529 1224 646 1303 decepti
668 1226 786 1297 fraude,
811 1224 941 1286 tulerunt

229 1337 267 1397 Et
288 1335 394 1396 damna
418 1343 450 1396 et
469 1333 586 1406 ludum,
609 1340 639 1395 et
661 1333 720 1406 sic,
743 1341 775 1394 ut
798 1334 915 1394 taedere
937 1334 1070 1397 iureuter

182 1455 213 1509 lt
229 1445 291 1506 Hos
315 1446 445 1506 credam.
489 1443 521 1504 Si
544 1444 620 1504 forte
642 1441 728 1504 malis
752 1442 914 1504 accesserit
935 1443 978 1506 ira

229 1554 376 1633 ingeniis,
399 1553 430 1614 in
453 1572 509 1614 nes
531 1551 682 1614 crudelius
705 1551 799 1614 irruet
819 1552 925 1626 hostis,

231 1665 325 1737 Quam
349 1663 432 1731 canis
454 1663 485 1723 iu
507 1663 660 1741 leporem,
684 1679 772 1740 quem
794 1662 923 1740 primurn
945 1662 1071 1740 contigit
1092 1683 1153 1724 cre.

271 1774 348 1835 'lum
370 1772 453 1834 sensi
475 1771 574 1833 subitc
597 1778 729 1832 arrectos
751 1771 825 1832 mihi
848 1780 927 1834 stare
949 1773 1083 1852 capillos,

152 1895 156 1899 ’
228 1884 414 1945 Horrescens
436 1890 532 1954 totus,
556 1889 617 1942 tum
638 1899 717 1960 poue
740 1888 860 1942 secutus
882 1890 1001 1944 euntem

180 2008 213 2059 20
228 1992 422 2055 lntenaebnn
444 2010 546 2064 aures,
570 1990 695 2052 ac‘talia
718 1990 846 2070 denique
869 1991 947 2052 sudi:

229 2104 265 2168 Ni
288 2111 317 2166 te
339 2120 446 2180 meque
469 2100 528 2163 cito
552 2100 649 2174 celas,
671 2099 747 2161 male
771 2100 807 2162 ab
829 2099 977 2178 unguibus
1000 2119 1108 2174 acrem,

111 2107 116 2322 Ι
229 2214 307 2286 Dux,
330 2211 448 2272 turbam
470 2211 615 2283 extime03
635 2211 699 2290 jam
720 2211 826 2270 hostes
845 2221 914 2289 pest
934 2219 1017 2288 terga
1039 2211 1256 2290 propinquant:

111 2325 115 2415 l
228 2323 291 2384 Hcs
313 2321 387 2382 mihi
410 2320 460 2380 sic
476 2321 572 2398 finge,
594 2328 627 2380 ut
647 2319 749 2380 videar
765 2319 829 2399 jam
852 2319 954 2396 audire
978 2321 1144 2382 tumultum.
1166 2355 1208 2364 -

112 2419 115 2548 Ι
229 2433 261 2494 Si
284 2430 439 2512 speculum
461 2429 526 2508 ipse
549 2430 659 2502 iorem,
683 2446 744 2488 nun
766 2429 802 2490 ad
825 2449 872 2490 me
895 2441 1014 2491 externa
1036 2431 1180 2492 referrem

111 2549 116 2618 1
180 2543 212 2597 25
230 2542 302 2602 Tam
324 2541 420 2601 vultus
443 2538 601 2618 simulacra
625 2538 681 2610 tui,
706 2557 792 2618 quam
815 2540 946 2617 pectoris
968 2540 1026 2600 ima

230 2655 341 2723 Seme,
365 2649 420 2723 ait,
443 2649 599 2728 inscuipc;
621 2667 733 2728 perque
755 2650 830 2710 haec
851 2649 940 2710 simul
961 2649 1027 2729 ipse
1049 2649 1176 2727 vagabar

230 2761 357 2832 Tecum,
380 2759 460 2820 huuc
482 2757 548 2836 ipse
570 2759 669 2850 serens
692 2766 807 2836 gestum
829 2758 1016 2840 similemque
1038 2761 1179 2838 figuran13

230 2871 330 2944 Quare
353 2887 440 2930 unam
464 2866 522 2929 feci
543 2875 643 2930 mente
665 2888 700 2930 ex
722 2877 857 2948 utraque.
902 2869 962 2930 Sed
984 2868 1041 2930 iste

112 3034 114 3047 .
166 3019 168 3024 ·
228 2980 336 3041 Beuter
357 2978 408 3040 ubi
427 2977 527 3058 jaceat
548 2977 592 3039 sic
614 2997 715 3051 muns,
739 2985 772 3039 ut
793 2979 881 3058 ccpia
904 2978 990 3040 detur

111 3050 114 3160 Ι
180 3104 213 3155 30
228 3087 435 3151 Descendendi
457 3087 544 3148 aliam
567 3087 599 3147 iu
620 3087 752 3165 hulgam,
777 3106 865 3167 quem
887 3088 1040 3166 fingimus,
1063 3089 1161 3150 hostis

228 3199 365 3276 Effugere
386 3197 540 3258 incursum
563 3197 690 3258 dabitur.
713 3231 755 3240 -
777 3197 829 3257 Vix
851 3196 940 3257 desiit
961 3198 1050 3270 istud,

228 3307 364 3369 Reddere
386 3307 560 3380 consilium,
584 3325 650 3367 curm
672 3305 732 3367 vidi
755 3305 898 3366 accedere
920 3306 1033 3385 pansis,

229 3416 314 3478 Haud
336 3417 441 3496 procul
462 3417 534 3489 hos,
558 3416 613 3477 alis
636 3435 691 3477 nos
714 3423 843 3495 captum.
887 3415 988 3476 Matris
1011 3417 1048 3478 ad
1071 3416 1173 3488 instar,

230 3527 284 3588 Cui
307 3545 443 3588 somnum
465 3525 596 3588 excussit
616 3543 732 3599 rumor,
756 3544 822 3602 cum
844 3525 982 3586 incendia
1004 3525 1101 3586 cernit

180 3643 211 3696 35
228 3635 381 3709 Proxima,
405 3654 496 3716 quae,
519 3643 639 3714 arrepto
662 3643 745 3709 nato,
770 3634 845 3713 sugit
866 3635 972 3707 incita,
995 3654 1051 3696 nec
1074 3642 1141 3708 stat,

228 3745 300 3806 Plus
322 3744 374 3806 isti
395 3753 546 3818 metuens,
570 3744 640 3805 dum
661 3763 721 3806 unc
745 3764 777 3806 se
799 3745 877 3806 velat
898 3745 1017 3817 amictu,

229 3855 327 3928 Quam
349 3854 423 3928 sibi3
447 3854 506 3915 dux
528 3853 586 3915 cito
610 3873 657 3916 me
678 3854 813 3934 prendit,
836 3854 978 3934 ripaeque
1000 3854 1125 3932 rigentis

145 4021 149 4028 .
226 3964 268 4024 Er
292 3963 350 4024 alta
373 3981 440 4026 sese
462 3963 546 4025 misit
567 3963 681 4025 cervice
704 3964 843 4044 supinum

227 4073 304 4151 Erga
327 4072 549 4153 impendentem
572 4074 744 4153 scopulum,
767 4093 825 4153 quc
849 4074 997 4134 clauditur
1017 4091 1108 4134 unum

178 4187 211 4240 lc
226 4183 357 4244 Alterius
379 4183 485 4261 bulgae
507 4184 594 4244 latus.
637 4183 723 4244 Haud
746 4203 875 4264 uuquam
897 4183 975 4246 unda
999 4183 1095 4245 canali

228 4292 321 4354 Ocius
344 4291 474 4366 exsiliit,
497 4293 647 4354 terrestris
671 4293 786 4356 volvere
804 4293 890 4373 jussa

229 4401 340 4464 Orbem
361 4401 497 4482 pistrini,
521 4404 645 4482 propius
669 4403 774 4482 illapsa
796 4402 918 4478 batillis,

229 4512 324 4584 Quam
347 4531 432 4574 meus
453 4511 503 4574 hic
525 4513 647 4592 sapiens
669 4512 758 4594 hujus
780 4532 835 4592 per
855 4513 970 4576 lubrica
992 4513 1070 4587 valli,
