3234 5396
331 511 394 574 272
806 513 941 564 lumbis!
960 515 979 564 Ι.

346 743 379 797 25
396 732 530 812 Namque
551 732 636 805 adeo,
660 739 752 811 pater,
775 731 849 794 baec
870 750 938 794 raro
961 739 1133 794 ornamenta
1154 733 1302 811 leguntur,

395 842 490 904 Ducat
510 849 543 903 ut
562 841 711 920 insignem
734 840 844 904 Caesar
863 849 981 903 ratesvc
1002 842 1191 922 triumphum,

396 951 488 1027 (Proh
511 951 595 1030 culpa
618 951 763 1013 humanae
785 950 1039 1031 opprobriumque
1062 951 1209 1031 cupidinis
1217 951 1237 1031 l)
1260 960 1293 1014 ut
1311 952 1372 1033 jam

397 1060 523 1139 Giguere
544 1060 707 1140 Dolpbillca
729 1060 852 1123 deberet
872 1059 977 1139 gaudia
999 1061 1081 1135 Divo,

396 1169 428 1232 Si
451 1188 539 1250 quem
561 1171 667 1232 ardore
690 1169 755 1231 sitis
778 1169 909 1232 stimulet
929 1169 1040 1232 Peneia
1060 1169 1169 1250 planta.

344 1295 378 1347 so
394 1279 556 1358 lugentem,
579 1280 727 1340 flammam
748 1295 899 1359 perpauca
920 1278 1017 1340 larilla
1039 1279 1191 1342 secundat

394 1387 469 1450 Fors
491 1389 597 1469 aliquis
619 1395 689 1468 post
708 1407 756 1450 me
779 1395 867 1450 cautu
888 1387 1011 1451 meliore
1032 1396 1180 1468 precetur,

393 1499 431 1560 Ut
453 1498 571 1561 Cirraea
592 1497 698 1559 domus
720 1499 796 1559 votis
818 1515 965 1576 responsa
985 1499 1122 1560 remittat.

393 1607 524 1670 Diversis
545 1608 647 1688 generi
667 1607 784 1670 mortali
806 1607 901 1684 surgit
923 1607 960 1669 ab
983 1607 1044 1668 oris

394 1718 531 1797 Lampas,
554 1735 631 1798 quae
652 1716 795 1779 mundum
815 1716 938 1792 lustrat3
961 1717 1015 1779 sed
1037 1717 1129 1795 surgit
1152 1716 1187 1780 ab
1209 1717 1269 1792 illa,

342 1840 375 1894 au
393 1826 497 1906 Cyclas
519 1825 566 1888 bis
588 1825 724 1904 geminos
747 1844 821 1906 quae
839 1827 940 1907 jungit
960 1845 1028 1889 cum
1050 1843 1138 1889 cruce
1159 1827 1244 1902 uina,

390 1937 574 1999 Percussum
594 1936 671 1998 riam
692 1935 854 2010 meliorem,
873 1935 1035 2016 junctaque
1055 1936 1141 1998 stella

391 2047 459 2108 Exit
481 2065 549 2108 cum
569 2045 703 2118 meliore,
727 2055 758 2106 et
779 2062 876 2107 ceram
898 2053 1043 2126 temperat
1066 2045 1149 2108 orbis

393 2156 550 2219 Terrarum
571 2155 639 2235 plus
662 2162 768 2234 sponte
790 2173 844 2216 sua
866 2155 1061 2236 obsignatque
1083 2175 1136 2220 sua
1158 2157 1196 2217 vi.

392 2264 495 2328 Talem
516 2265 650 2344 ingressa
672 2263 780 2338 locum,
804 2266 889 2344 quasi
911 2266 1007 2345 prima
1029 2265 1203 2346 crepuscula
1225 2266 1323 2330 noctis

341 2384 375 2437 tu
391 2375 447 2438 llic
467 2383 499 2438 et
517 2393 604 2436 mane
625 2373 686 2436 illic
707 2375 857 2448 ellecerat,
879 2373 996 2437 albidus
1017 2375 1068 2438 ille
1431 2355 1434 2367 ¹

390 2484 554 2548 Semiorbis
575 2484 672 2546 stabat
691 2493 780 2559 totus,
802 2503 873 2564 pars
895 2483 986 2546 altera
1008 2485 1101 2564 nigra,

392 2596 465 2657 Cum
486 2595 563 2657 latus
585 2594 616 2656 in
637 2594 753 2657 laevum
776 2613 808 2656 se
830 2602 945 2656 vertere
966 2594 1030 2657 visa
1050 2595 1181 2657 ermx

389 2705 444 2766 Est
463 2704 536 2766 mibi
558 2712 588 2766 et
608 2704 758 2783 inspicere
780 2704 937 2767 insulem.
981 2704 1033 2768 Sic
1053 2705 1145 2784 figere
1169 2689 1227 2766 soli

388 2815 555 2892 Numquam
577 2813 674 2892 aquila
696 2832 768 2876 ausa
789 2833 860 2876 suos
882 2821 929 2876 est
949 2815 1041 2876 usus.
1080 2815 1176 2894 thue
1196 2815 1299 2894 priore

339 2931 374 2986 tu
389 2924 481 2986 blisso
504 2923 571 2995 exit,
594 2941 771 3004 sursumque
794 2924 871 2986 solet
892 2923 1008 2987 resilire
1030 2905 1182 2987 secundus

388 3033 507 3112 Fulgor,
529 3051 613 3095 more
634 3034 784 3113 peregrini
805 3051 938 3096 remeare
961 3034 1123 3097 studentis:

389 3144 440 3206 Sic
461 3151 490 3204 et
511 3161 565 3222 ego
587 3143 667 3204 huuc
688 3149 795 3215 actum,
819 3144 870 3223 qui
891 3145 1001 3206 nostris
1023 3144 1184 3206 insinuavit

389 3253 463 3315 Sese
483 3252 653 3327 luminibus,
675 3271 838 3333 percussus
859 3253 986 3332 imagine
1007 3261 1147 3327 mentem,

387 3363 555 3444 Desumpsi,
578 3371 667 3443 atque
689 3362 793 3424 oeulos
814 3361 897 3425 infixi
919 3363 950 3424 in
971 3362 1107 3443 lampada
1128 3363 1202 3425 solis

337 3476 371 3531 5⁰
386 3473 528 3535 Nostrum
548 3472 625 3534 ultra
645 3490 769 3535 morem.
790 3505 832 3518 —-
853 3473 997 3534 Humanis
1018 3473 1174 3536 virtutibus
1195 3473 1257 3537 illic

386 3582 476 3646 llulta
496 3581 587 3644 licent
607 3580 723 3644 ratione
743 3582 812 3656 loci,
836 3600 925 3661 quem
946 3581 1079 3644 condidit
1100 3591 1202 3646 auctor

385 3692 521 3754 Humano
542 3692 644 3772 generi
665 3691 830 3772 proprium,
852 3711 929 3772 quae
949 3691 1000 3754 bic
1019 3709 1111 3771 posse
1132 3692 1256 3754 facultas

384 3802 452 3864 Non
474 3810 530 3864 est.
572 3801 659 3863 Hunc
679 3820 735 3863 uec
757 3802 836 3864 terre
858 3801 917 3876 din,
939 3819 996 3864 uec
1017 3801 1160 3882 temporis
1181 3803 1285 3864 boram

386 3912 436 3975 Sic
458 3921 555 3974 umen
578 3912 710 3990 exiguam
732 3911 826 3992 potui,
847 3919 881 3974 ut
902 3912 1055 3975 candentis
1077 3910 1113 3974 ab
1136 3912 1205 3992 igne

334 4027 368 4082 55
384 4022 470 4083 Hunc
491 4020 584 4084 instar
604 4022 675 4084 ferri
696 4020 774 4083 baud
796 4022 909 4084 circum
930 4021 1043 4099 fulgere
1064 4023 1205 4085 riderem.

386 4130 444 4203 Qui
466 4130 616 4210 duplicare
637 4131 717 4193 diem
738 4131 836 4193 subito
859 4139 906 4193 est
925 4133 998 4194 mihi
1019 4132 1110 4204 visus,
1132 4139 1165 4193 ut
1186 4131 1236 4192 ille

385 4239 419 4301 Si
440 4240 504 4300 sole
526 4241 713 4322 omnipotens
737 4240 794 4303 alio
817 4240 987 4304 decorasset
1010 4241 1176 4321 Olympum.

427 4348 531 4412 Stabat
550 4350 582 4412 iu
604 4358 739 4412 aeternas
761 4352 903 4431 sphaeras
924 4351 1045 4412 immota
1066 4351 1197 4412 aarum

384 4458 469 4532 Tota,
492 4459 595 4522 oculos
615 4461 721 4538 figens,
745 4468 775 4524 et
795 4479 851 4540 ego
872 4479 938 4522 mea
958 4461 1069 4524 lumina
1091 4459 1123 4524 in
1145 4460 1241 4540 ipsam
