3214 5400
340 519 398 582 186
782 519 1039 572 ruasaroauuur.

404 739 506 813 Quare
527 752 582 814 ago
605 738 732 818 raspert,
757 753 846 818 quem
867 737 978 800 snitum
998 747 1123 820 proptor
1143 737 1291 804 habebam
1390 786 1392 794 s

353 857 387 910 7⁰
404 847 529 912 Consilii
551 854 722 923 auotorom3
743 863 844 928 naqua
868 865 937 910 aum
960 865 1035 930 quaa
1057 858 1157 914 motus
1179 861 1280 916 ararat

403 959 517 1031 Dicere,
539 957 695 1036 hugerunt3
718 973 809 1037 quare
831 965 1006 1038 axspooura
1027 967 1182 1040 rogantem

402 1067 512 1141 Noluit,
535 1073 582 1131 ast
601 1065 714 1147 inquit:
736 1067 804 1129 Non
825 1067 927 1130 maltis
949 1076 1033 1132 utars
1053 1070 1164 1145 vorbis,

403 1176 464 1240 Sed
485 1185 585 1238 umen
606 1177 729 1255 argutis.
772 1177 859 1240 Vates
881 1195 917 1240 ax
938 1187 1023 1259 parto
1045 1191 1174 1244 coronas

402 1286 456 1349 llla
476 1286 546 1360 ibot,
570 1303 645 1366 quas
667 1295 728 1349 toto
749 1294 857 1367 potens
880 1288 1062 1352 circumdata
1083 1290 1163 1352 nulla

353 1403 386 1457 75
403 1396 533 1476 Sponda,
556 1395 659 1478 pandit
679 1395 735 1458 itor
755 1411 911 1478 prasoaps.
955 1399 1028 1461 Pars
1051 1399 1143 1462 altara
1165 1401 1279 1463 sanatis

402 1506 522 1569 Umbris
544 1513 635 1568 strata
657 1505 754 1581 dabat,
778 1521 854 1586 quas
875 1508 921 1570 sio
941 1525 1015 1587 praa
1037 1525 1147 1588 angono
1168 1510 1345 1590 promebant

403 1617 542 1678 Saturam
563 1615 746 1688 horribilem,
768 1623 802 1677 ut
823 1616 951 1696 lymphis
970 1627 1068 1697 'genas
1089 1627 1233 1699 utraeque
1254 1620 1420 1682 maderent

445 1726 533 1789 Stans
555 1744 648 1806 supor
668 1721 722 1788 bos
745 1726 848 1806 ooepi:
872 1726 897 1789 0
919 1743 993 1804 gons
1016 1728 1107 1790 altum
1130 1745 1252 1798 cornero
1278 1737 1360 1792 oartn

401 1836 529 1908 Lumen,
553 1835 632 1914 quod
655 1835 752 1896 solum
774 1835 905 1916 suspirat
926 1845 1024 1900 vestro
1045 1839 1171 1919 oupid03
1199 1896 1211 1914 ,
1312 1819 1319 1836 ’

351 1954 385 2008 80
402 1945 461 2020 Sin,
485 1963 560 2025 quas
582 1961 636 2006 vos
659 1944 753 2018 saitis,
777 1946 1016 2026 quamprimum
1038 1949 1131 2026 gratia
1152 1965 1275 2029 spumas

401 2055 541 2135 Dissipot,
564 2063 599 2116 ut
619 2055 711 2118 manti
733 2055 845 2117 olrrorn
867 2053 1003 2118 illabatur
1023 2057 1060 2118 ab
1082 2058 1173 2120 astris
1239 2103 1242 2108 -

401 2164 527 2228 Flumen
549 2181 606 2245 opo
628 2164 735 2244 ipsius,
757 2165 831 2228 mibi
853 2165 952 2240 dicito,
975 2181 1104 2246 namquo
1126 2167 1183 2229 orit
1203 2167 1283 2230 istud

402 2275 523 2338 Gratum
544 2282 574 2336 st
592 2273 774 2356 jucundumr
796 2291 868 2336 num
890 2291 947 2355 qua
968 2276 1019 2336 hia
1040 2293 1076 2338 ax
1097 2285 1184 2354 gnato
1205 2277 1312 2340 Latina
1333 2293 1337 2300 ’

402 2385 484 2448 luter
502 2401 557 2446 vos
579 2385 677 2446 anima
699 2381 768 2447 ost?
810 2381 907 2465 Atque
928 2385 1009 2455 illam
1030 2387 1109 2449 torto
1127 2386 1240 2467 juvabit

351 2500 385 2555 85
402 2495 494 2556 lsthio
514 2495 672 2556 inventam.
694 2523 738 2542 ν-
758 2493 798 2556 Μί
819 2495 920 2568 irater,
944 2495 1102 2575 quaelibet,
1115 2495 1199 2559 urbia

402 2605 457 2666 Est
478 2605 551 2667 aivis
571 2621 674 2666 verosa
696 2611 748 2666 tua
769 2603 822 2682 sed
843 2606 990 2668 sententia
1013 2607 1138 2686 quaerit,
1252 2651 1255 2666 .

402 2714 480 2777 Num
501 2734 559 2794 qua
580 2714 629 2775 hio
652 2713 796 2788 considat,
819 2729 896 2794 quae
918 2715 1032 2794 degerit
1052 2715 1164 2796 hospss
1186 2716 1219 2777 in
1240 2716 1303 2779 oris

401 2823 511 2886 ltaliae.
555 2822 638 2887 Haeo
657 2839 804 2903 rosponta
825 2825 899 2886 mibi
920 2825 1039 2887 renissa
1059 2843 1115 2906 par
1135 2841 1233 2902 auras,

400 2934 439 2995 Et
459 2933 550 2995 multo
573 2933 642 2996 inda
664 2940 736 3012 puto
760 2934 893 3008 alterius,
916 2951 1006 3015 quam
1026 2935 1079 2997 ubi
1099 2936 1167 2999 talin
1190 2937 1269 2998 latus

350 3047 385 3101 ao
401 3043 608 3106 constiteram.
653 3044 752 3117 Quare
774 3057 913 3122 grossum
931 3061 1095 3126 popamque
1115 3047 1321 3130 propinquans

400 3153 475 3215 llluo
497 3154 614 3216 admovi
635 3162 666 3216 at
687 3155 835 3234 quandam
855 3153 916 3216 vidi
937 3155 1054 3232 agmina
1075 3156 1108 3217 in
1127 3157 1180 3218 illo

400 3263 540 3326 Umbram
561 3265 745 3345 exspectanti
766 3261 904 3326 similem.
949 3265 981 3326 Si
1003 3265 1082 3327 torto
1101 3265 1252 3346 requiras:

402 3372 584 3448 Quomodo?
604 3375 652 3437 Uti
674 3389 794 3450 manus,
816 3375 880 3437 risa
902 3382 948 3436 est
969 3376 1104 3438 attollaro
1125 3383 1267 3438 mantum.

444 3483 469 3546 0
491 3484 598 3558 anima,
621 3481 692 3546 bulo
713 3483 784 3558 dixi,
807 3501 883 3564 quaa
903 3501 1030 3563 rognum
1051 3485 1161 3548 initura
1182 3502 1349 3566 supernum

350 3599 383 3653 95
401 3593 444 3655 'l'e
466 3594 591 3668 crucias,
614 3604 646 3657 tn
668 3594 771 3658 eadem
792 3593 866 3656 mihi
888 3593 914 3655 si
936 3610 1083 3675 responsa
1109 3596 1226 3672 dedisti,

400 3703 503 3778 Effice,
526 3713 558 3766 ut
579 3725 615 3766 ox
635 3705 731 3784 patrio
753 3712 805 3766 out
824 3701 947 3785 proprio
968 3711 998 3766 ta
1021 3705 1140 3768 nomine
1162 3722 1295 3769 noscam.

442 3813 497 3875 Est
517 3814 595 3876 Sena
616 3815 658 3876 mi
680 3814 777 3878 natale
798 3813 906 3890 solum,
928 3815 1093 3895 respondit,
1116 3821 1147 3878 at
1166 3815 1233 3879 istis
1303 3815 1305 3820 ’

400 3922 456 3985 Hic
478 3939 532 4001 ago
554 3924 652 3999 mista,
673 3925 725 4004 pio
746 3940 906 4004 parvarsaa
928 3925 1053 3988 crimina
1073 3925 1159 4002 vitan,

400 4032 584 4096 lllaorimaus
605 4035 658 4109 illi,
680 4042 714 4096 ut
734 4035 823 4096 nohis
844 4031 988 4114 praebere
1010 4034 1170 4098 lnrondorn

338 4157 384 4208 100
402 4143 441 4204 Se
462 4143 541 4205 velit.
585 4143 669 4206 Haud
691 4144 783 4224 Sapii‚
806 4143 877 4207 linat
897 4145 1049 4226 appellare
1071 4146 1182 4216 Sarrana

400 4251 447 4314 blo
468 4252 587 4330 genitor
606 4254 707 4328 voluit,
727 4255 900 4335 majoraque
922 4255 1029 4334 gaudia
1050 4257 1116 4335 aopi

400 4363 444 4423 Ex
464 4363 571 4424 damno
594 4363 725 4437 alterius,
749 4381 836 4444 quarn
858 4366 884 4426 si
906 4383 1005 4428 assem
1027 4363 1160 4446 qualibet
1180 4385 1233 4428 usa

401 4473 545 4535 Fortuna:
567 4489 602 4535 aa
622 4489 660 4536 na
682 4474 756 4538 salsa
777 4481 864 4555 putas
885 4459 933 4537 naa
956 4476 1055 4550 sanior,
1078 4476 1156 4546 audi,
1514 4441 1518 4672 J
