3214 5400
591 583 771 634 runctroett
790 585 818 633 ΙΙ.

152 815 183 868 ca
200 803 237 865 Ut
256 803 318 884 jam
339 819 394 881 pre
417 800 488 863 ludo
509 800 608 863 renim
627 801 713 863 labor
734 801 831 863 omnis
852 801 1019 873 habendus,

201 912 402 990 Quaecunque
424 910 573 974 adscensu
594 910 640 972 ria
663 911 704 973 sit
724 910 893 990 superanda
913 910 1052 989 maligne.

243 1022 326 1095 Quae
348 1037 471 1084 censere
494 1020 610 1082 animae
630 1039 680 1082 me
700 1035 755 1100 per
777 1019 926 1100 spiracula
946 1021 1034 1083 vitam

199 1132 331 1204 Ducere,
353 1130 494 1194 nutantes
516 1129 600 1192 vultu
620 1129 750 1209 pallente
773 1138 891 1192 stetere.

200 1241 296 1320 Atque
317 1247 350 1301 ut
370 1247 535 1317 gestantem
556 1257 656 1302 ramea
678 1240 791 1318 pacatis
812 1240 910 1302 olivae

152 1364 184 1416 tu
199 1350 385 1413 Circumfusa
406 1349 467 1411 ruit
486 1348 573 1412 arrha
594 1347 731 1411 auditum
751 1349 925 1430 inquientem

199 1461 359 1538 Legatum,
382 1465 413 1520 et
434 1475 612 1537 quemquam
633 1459 714 1522 haud
735 1460 845 1536 refugit
865 1458 981 1522 calcare
1003 1458 1189 1538 premendo,

200 1569 251 1632 Sic
272 1570 329 1630 hae
351 1568 453 1630 felices
474 1568 591 1632 wirrae
611 1569 767 1632 intendere
788 1569 960 1648 trequentes

200 1681 233 1742 ln
255 1696 304 1739 mc
325 1678 421 1742 auem
441 1679 724 1757 perimerentur
744 1695 868 1740 cernere
890 1695 1000 1750 cerain,

200 1789 301 1852 Paene
323 1788 381 1852 iter
401 1787 525 1862 obtine,
549 1789 629 1868 gued
651 1805 741 1868 purae
762 1787 853 1850 mittit
873 1795 904 1849 et
924 1787 1001 1850 alma

153 1910 183 1962 75
198 1899 321 1961 ludutas
342 1899 448 1960 torma.
470 1929 512 1946 -
533 1898 599 1960 victi
621 1897 802 1978 praecedere
823 1897 971 1977 namnam

198 2009 244 2071 Me
267 2007 426 2088 complecti
445 2007 576 2081 aridam,
597 2027 633 2070 ac
653 2015 736 2070 tanto
755 2007 830 2070 hanc
851 2006 973 2068 amabat
994 2023 1103 2079 amere,

198 2119 236 2182 tu
256 2137 305 2182 me
326 2117 506 2198 compulerit
525 2118 614 2182 simili
637 2135 758 2198 queque
777 2135 904 2180 munere
923 2116 1017 2195 fungi.

241 2227 265 2290 0
288 2227 426 2302 umbrae,
448 2226 572 2290 humani
592 2235 711 2308 praeter
732 2227 864 2306 speciem
886 2225 963 2298 oris,
985 2223 1106 2288 inanest

198 2338 259 2400 Ter
277 2338 390 2400 vincire
412 2357 519 2400 manuus
539 2345 610 2417 pest
630 2337 708 2400 hanc
728 2335 795 2398 tulit
815 2336 958 2415 innuente,
981 2342 1012 2399 nt
1032 2343 1078 2400 ter

150 2455 182 2508 8⁰
197 2448 241 2509 Ad
263 2456 368 2528 pectus
390 2447 506 2512 rediere
527 2447 620 2510 ruhi:
642 2447 724 2510 Reor
744 2465 795 2508 nra
817 2453 941 2524 munere

198 2559 244 2620 Me
265 2557 419 2637 pinxisse3
439 2557 550 2621 etenim
571 2557 652 2630 risit,
675 2573 803 2635 seseque
823 2555 943 2619 retraxit

199 2667 325 2742 Umbra3
348 2674 378 2730 at
399 2683 455 2744 ego
477 2666 602 2730 ulterius
623 2666 761 2745 processi
781 2665 858 2728 hanc
879 2681 958 2744 pune
980 2673 1113 2730 secutus.

200 2777 336 2840 Suaviter
356 2777 433 2840 haec
448 2776 540 2857 jussit
560 2775 760 2856 pedibusue
779 2793 922 2854 paecerea
943 2782 972 2838 at
993 2775 1060 2854 ipsa

200 2888 285 2949 Tunc
304 2887 378 2948 mihi
396 2886 462 2966 cuja
484 2893 566 2949 esset
586 2885 695 2965 patuit,
718 2885 919 2964 precibusque
939 2885 1049 2962 regati,

150 3005 182 3060 85
200 2997 326 3059 Sisteret
346 3005 379 3059 ut
400 3012 549 3074 gressum,
573 3013 612 3058 ne
633 2994 715 3057 sandi
737 2994 826 3074 copia
845 2995 974 3058 deesset.

241 3106 293 3168 Illa
316 3106 405 3169 mihi:
428 3105 534 3178 Qualia
553 3104 672 3174 nartali
694 3121 821 3183 terpora
841 3104 968 3168 vinctam

198 3216 244 3278 Me
266 3216 320 3277 tibi
338 3215 435 3297 junxit
456 3233 559 3288 aanor,
581 3214 651 3278 talis
670 3233 720 3276 me
740 3221 836 3278 mute
858 3212 986 3276 solutam

197 3326 300 3404 iungit
322 3325 431 3388 adhuc.
471 3325 571 3398 Quare
592 3330 651 3388 ato.
693 3324 731 3386 at
752 3339 828 3401 quae
849 3330 879 3384 te
901 3339 990 3386 caasa
1012 3322 1109 3399 coegit

197 3435 259 3497 Has
280 3442 438 3515 penetrare
460 3431 592 3498 damae?
615 3433 639 3496 Ο
662 3433 705 3496 nri
726 3433 876 3505 mannua,
898 3449 954 3512 per
975 3431 1055 3494 istud

148 3553 182 3606 eu
197 3545 272 3606 Veni
294 3545 365 3617 iter,
389 3553 422 3608 ut
441 3563 492 3608 me
511 3543 570 3608 alio
592 3543 734 3606 mancam
754 3541 826 3606 illuc
845 3550 981 3620 tempere
1003 3541 1116 3604 sistam.

197 3653 235 3716 Aa
258 3655 323 3734 quis
346 3654 511 3733 praeripuit
532 3661 642 3716 tantam
664 3652 718 3716 tihi
739 3651 884 3731 mutueris
905 3647 1031 3714 hereum?

197 3765 256 3826 Iste
279 3771 394 3826 autem:
415 3764 439 3828 Δ
462 3781 613 3843 quaquam
632 3761 707 3824 mihi
728 3761 812 3826 natta
829 3761 936 3842 injuria
958 3761 1046 3834 mnia

198 3875 230 3936 si
251 3874 342 3947 mihi,
367 3874 417 3953 qni
439 3873 567 3952 inponit
587 3889 648 3952 qun
667 3872 766 3936 risum
786 3878 833 3934 est
854 3879 1001 3950 tempure,
1025 3883 1163 3950 qumque

196 3984 279 4057 Vult,
304 4001 424 4045 cursum
447 3982 483 4044 ad
506 3983 589 4062 ripas
611 3989 727 4061 epuns
749 4001 839 4062 saepe
860 3981 990 4058 negarit.

147 4095 331 4173 aeliamque
354 4091 397 4153 illi
420 4091 541 4154 alterius
561 4109 615 4153 sua
636 4091 671 4152 fit
692 4091 769 4154 bene
787 4091 868 4171 justa
888 4089 1040 4152 voluntas:

199 4203 400 4282 Quamquam,
424 4221 461 4264 ex
482 4219 541 4281 quc
564 4200 660 4262 trinos
681 4207 836 4263 verterunt
857 4201 955 4263 sidera
977 4219 1106 4274 menses,

196 4313 274 4374 Pace
296 4312 390 4386 bona,
414 4327 625 4393 quemcunque
644 4310 762 4374 animus
782 4311 893 4374 inarare
915 4309 1040 4382 terebat,

195 4422 321 4502 Accepit
339 4422 470 4501 patiens
511 4421 593 4497 nro,
614 4420 665 4500 qui
686 4439 770 4484 mare
788 4419 1017 4500 prospiciebam,

196 4531 297 4594 Tibris
319 4532 371 4596 uhi
393 4536 553 4610 sumente
572 4529 636 4594 sain
658 4548 691 4592 se
713 4531 879 4604 inanirent,
898 4529 934 4592 ab
957 4529 1008 4592 itte
