3214 5400
348 509 407 572 lut
781 457 961 563 rususronn
980 512 1038 562 vus

412 731 551 792 Frontem
574 729 729 811 suspirans
751 729 848 811 palma
870 729 928 792 sibi
950 728 1068 805 fulciat3
1091 747 1168 792 unus

348 855 395 908 ma
412 839 466 900 Est
487 841 603 918 genitor
624 856 712 900 socer
732 839 784 901 illc
804 839 891 914 mali,
915 858 973 918 qno
997 838 1089 900 Gallia
1110 847 1172 902 tota

413 950 535 1024 Tabuit3
557 949 634 1010 haud
656 947 728 1011 latet
748 948 806 1010 hos
826 948 905 1010 vitiis
929 947 1082 1029 deperdita
1104 949 1172 1020 vita,

413 1060 508 1140 Atque
529 1058 599 1122 hinc
620 1057 671 1121 ille
693 1057 793 1132 dolor,
816 1075 876 1137 quo
899 1057 942 1124 sic
964 1057 1089 1135 agitatur
1112 1065 1245 1138 uterque.

455 1168 507 1230 llle
530 1168 604 1230 adeo
627 1167 740 1246 ingenti
763 1167 942 1248 spectandus
963 1167 1108 1246 imagine,
1130 1168 1240 1247 quique

414 1277 551 1341 Concinit
570 1277 650 1340 hunc
672 1277 757 1338 lusus
777 1276 877 1356 juxta,
898 1276 947 1338 cui
969 1295 1060 1338 nasus
1082 1275 1213 1338 abundat

349 1399 397 1450 lto
413 1387 577 1460 Masculus,
599 1385 756 1464 omnigena
778 1385 871 1448 fertur
891 1385 996 1448 virtute
1018 1385 1146 1450 mirasse

413 1497 615 1559 Praecinctus.
659 1495 746 1569 Quod
769 1495 794 1558 si
816 1504 885 1575 post
906 1495 989 1558 illum
1011 1511 1101 1572 regna
1123 1493 1237 1575 potitus

413 1607 467 1670 llle
489 1605 580 1680 foret,
604 1605 656 1686 qui
678 1622 756 1684 poue
778 1605 864 1666 sedet
884 1623 972 1685 puer,
996 1603 1094 1666 omine
1117 1605 1214 1666 fausto

413 1717 555 1778 Natorum
577 1714 608 1776 in
631 1722 716 1778 natos
738 1713 896 1776 transisset
916 1713 1011 1794 patria
1032 1713 1141 1788 virtus;

415 1826 501 1900 Quod
524 1843 584 1888 non
607 1825 644 1886 de
664 1823 778 1904 reliqna
802 1823 958 1904 quisquam
981 1823 1059 1886 ausit
1080 1823 1179 1884 dicere
1202 1827 1301 1900 gente.

349 1943 397 1998 115
413 1937 521 2009 ileos,
544 1949 579 1997 ac
599 1933 712 2014 pariter
732 1933 892 1995 annmcs
914 1950 1004 2012 regna
1026 1931 1198 2012 grabernant,

414 2045 526 2108 Neuter
547 2042 700 2124 praecipui
722 2042 881 2122 patrimoni
903 2042 1034 2104 creditus
1056 2042 1173 2106 haeres.

415 2155 493 2217 Raro
514 2173 573 2235 per.
589 2171 689 2216 ramos
710 2152 844 2234 probitas
865 2152 992 2214 humana
1012 2152 1151 2230 resurgit,

416 2263 523 2326 Omnia
544 2263 632 2326 dante
655 2262 724 2337 illo,
748 2262 799 2342 qui
821 2261 883 2324 vult
903 2269 1026 2342 accepta
1047 2260 1154 2322 relerri

416 2373 527 2436 Cuncta
549 2373 618 2436 sibi.
662 2373 745 2447 Quae
767 2372 857 2434 rerba
878 2372 993 2451 loquor,
1015 2369 1191 2452 praecordia
1212 2376 1333 2448 tangent

351 2491 399 2543 lto
415 2483 534 2545 Nssnro
560 2491 648 2562 atque
669 2483 790 2555 Panno,
814 2481 864 2562 qui
886 2489 1004 2546 cantum
1024 2500 1097 2544 voce
1119 2479 1270 2552 secundat,

415 2593 474 2654 Per
495 2611 571 2672 quos
589 2591 652 2673 jam
674 2591 757 2670 luget
776 2591 915 2656 Narbona
940 2599 1029 2670 atque
1051 2589 1185 2670 Appulus
1206 2589 1314 2652 omnis.

417 2702 537 2764 Semina
558 2702 659 2781 planta
682 2721 738 2763 suo
759 2708 842 2763 tanto
864 2700 962 2762 minor
983 2717 1050 2762 esse
1072 2707 1199 2780 putatur,

417 2811 535 2885 Quanto
557 2811 625 2891 plus
647 2811 735 2872 etiam
758 2797 946 2873 Consularis
967 2809 1092 2890 conjuge
1113 2810 1220 2874 laetam

416 2920 455 2983 Se
473 2921 581 3001 jactat,
605 2939 691 3000 quam
714 2938 780 2982 cum
802 2927 941 2982 consorte
963 2937 1068 2982 sorore
1088 2919 1231 2982 listram.

351 3039 399 3093 125
457 3030 608 3110 adspicite
630 3031 786 3092 llnnmcuu
808 3030 984 3108 gaudentem
1006 3028 1141 3109 simplice
1161 3029 1230 3100 vita,

415 3141 577 3220 anglorum
599 3157 708 3218 regem,
731 3147 844 3200 semota
866 3139 897 3200 in
918 3147 1002 3219 parte
1025 3140 1188 3200 sedentem.

415 3250 492 3312 lluic
512 3250 586 3312 rami
607 3249 706 3312 minus
734 3256 821 3328 atque
842 3249 940 3310 minus
961 3247 1066 3329 pejora
1087 3247 1226 3310 tulerunt.

414 3359 478 3422 Hos
500 3359 576 3421 inter
598 3359 647 3439 qui
671 3378 704 3420 se
726 3359 853 3421 interius
873 3358 1052 3438 prosternit,
1075 3358 1107 3419 in
1129 3357 1219 3420 altum

415 3468 605 3549 Suspicians‚
628 3468 731 3530 habuit
750 3486 861 3529 nomen
883 3467 1079 3539 Gcrmununs,
1103 3467 1218 3546 etipse
1240 3475 1288 3528 est

351 3586 399 3639 lad
414 3579 555 3642 llarehio.
599 3578 774 3640 Alexandria
795 3585 882 3657 atque
904 3577 994 3660 hujus
1015 3577 1093 3638 bella
1114 3595 1169 3656 per
1190 3577 1289 3657 ipsum

413 3689 543 3751 llontem
565 3689 720 3752 Ferratum
742 3696 771 3750 et
792 3687 974 3768 Canobejum
994 3687 1122 3748 luctibus
1145 3686 1279 3766 impleut

901 3949 989 4032 llll.

455 4129 519 4190 Jam
542 4147 636 4209 prope
657 4137 776 4208 tempus
799 4136 875 4204 erat,
898 4129 977 4209 quod
1000 4134 1121 4192 arentes
1143 4127 1187 4188 ire
1206 4145 1261 4206 per
1282 4127 1376 4190 altum

387 4239 550 4299 ¹·lmmutat
571 4239 723 4318 mollitque
746 4239 860 4302 animos
882 4257 971 4319 saepe
993 4239 1067 4300 hora
1089 4256 1256 4310 recursans,

414 4347 515 4409 Dulcis
536 4349 698 4411 amicorum
721 4366 787 4411 cum
806 4349 958 4429 jussa,est
979 4349 1065 4431 turba
1086 4348 1196 4420 valere,

415 4457 646 4538 Exstimulatque
668 4459 737 4520 novi
758 4459 908 4538 peregrini
928 4467 1034 4538 pectus
1056 4477 1168 4533 amore,
