3234 5396
344 525 407 590 238
767 525 948 578 auamaoau
965 521 1042 575 xxvi.

411 745 457 808 su
476 745 571 819 vobis,
593 743 644 808 ubi
666 743 799 806 abundat
819 761 909 816 amor,
932 742 1084 822 multoque
1107 743 1235 822 patescit

409 855 545 935 Amplius
566 854 635 916 huic
656 852 795 934 spatium,
818 853 871 936 qui
892 851 967 926 sitis,
990 851 1091 924 dicite,
1114 857 1147 912 ut
1166 851 1244 914 oltra

409 964 588 1044 Progredior
609 963 746 1044 seriptis3
769 970 800 1025 et
821 979 967 1042 quaenam
989 969 1035 1022 est
1055 960 1105 1022 illa
1128 969 1254 1034 calama,

360 1088 394 1142 aa
412 1075 494 1149 Quae
517 1075 562 1136 sie
581 1081 652 1154 post
671 1080 802 1135 aestuum
825 1074 919 1134 lemur
938 1071 1016 1151 pede
1037 1078 1179 1151 praepete
1200 1069 1340 1150 tergum?

452 1184 519 1247 Neu
541 1183 628 1246 aliter
647 1189 805 1246 montanus
827 1181 918 1244 hemo
940 1189 1039 1260 stupet
1060 1180 1173 1243 inanius
1196 1199 1248 1243 ore

411 1292 543 1357 Turbato
565 1302 726 1372 mutusque
748 1291 854 1354 haeret
873 1290 1054 1371 speetaaulo,
1077 1289 1129 1352 ulai
1150 1290 1256 1352 urbam

410 1403 448 1466 Et
468 1402 553 1466 mdis
575 1411 607 1465 et
626 1404 708 1466 lenus
731 1401 907 1480 ingreditur,
930 1419 1019 1479 quam
1041 1399 1192 1479 quaelihet
1211 1399 1316 1461 umbra

409 1513 552 1575 Portenta
575 1530 700 1575 excussa
721 1518 779 1574 eat.
822 1510 882 1572 Sed
903 1515 1063 1590 postquam
1083 1517 1219 1589 exempta
1242 1509 1377 1588 stuporis

360 1629 393 1685 aa
410 1623 543 1694 Sannina,
566 1621 617 1702 qui
638 1619 738 1682 subito
760 1637 906 1700 generoso
927 1619 960 1682 iu
982 1618 1072 1681 eorda
1092 1619 1222 1681 virorum

407 1732 541 1818 ¹lntepet:
564 1730 589 1793 0
611 1739 650 1804 le,
673 1729 779 1810 inquit,
802 1728 930 1804 lelieem,
953 1747 1028 1809 quae
1050 1728 1154 1792 umbra
1167 1736 1293 1807 negarat

410 1841 456 1904 llo
477 1841 569 1921 prior,
593 1859 629 1902 ax
650 1846 754 1902 nostro
777 1857 853 1918 quae
875 1845 1013 1918 expertas
1033 1838 1134 1900 littore
1155 1837 1234 1900 vitae

410 1949 559 2022 Notitiam,
584 1958 616 2012 ot
637 1949 716 2012 vivas
738 1948 856 2012 melius.
899 1947 1029 2025 uestigia
1050 1957 1152 2010 nostra

411 2060 494 2134 Quae
516 2077 590 2139 gens
611 2078 674 2122 uon
695 2058 839 2138 sequitur,
860 2057 1015 2120 malefacto
1037 2057 1161 2122 euanuit
1182 2057 1214 2122 iu
1235 2057 1297 2130 illo,
1514 2039 1518 2226 Ι

362 2178 395 2232 7⁰
410 2170 468 2234 Per
491 2170 570 2251 quod
592 2188 626 2232 se
648 2168 759 2231 audivit
779 2167 914 2246 raginam
936 2187 954 2228 a
973 2167 1062 2248 plebe
1082 2169 1182 2232 vocari

411 2279 530 2352 Caesar,
552 2279 583 2340 iu
606 2277 811 2359 opprobrium,
834 2295 923 2339 enmu
943 2275 1056 2340 viatore
1078 2277 1274 2357 triumphans.
1516 2233 1519 2282 Ι

412 2389 511 2462 Quare
533 2388 693 2451 clamantes
716 2388 876 2450 Sodomam
898 2387 972 2449 dant
991 2395 1073 2465 terga
1096 2387 1186 2450 citato

412 2498 517 2571 Cursu,
541 2499 680 2578 quodque
702 2497 806 2560 audire
828 2497 893 2571 luit,
915 2497 974 2558 eibi
996 2497 1122 2577 quiaque
1144 2497 1265 2560 latendo
1503 2477 1506 2482 ⁵

411 2607 585 2687 Exprobuat,
608 2615 697 2688 atque
718 2607 829 2670 rubore
851 2626 906 2670 suo
927 2608 1075 2670 damnum
1097 2606 1216 2687 adjuvat
1236 2605 1326 2685 ignis.

361 2735 395 2788 75
454 2718 575 2780 Semina
598 2725 669 2780 sunt
687 2717 765 2779 labis
787 2725 910 2779 nostrae
930 2735 966 2780 ex
989 2717 1085 2797 eapite
1106 2715 1350 2796 Hermaphroditi

412 2828 501 2904 Oula,
523 2835 570 2890 ast
590 2827 736 2890 humanae
754 2827 838 2906 quod
860 2845 916 2888 noa
938 2835 1133 2907 praepostera
1153 2825 1212 2905 legi
1511 2728 1514 2888 Ι

411 2937 618 3010 Praetulimus,
640 2945 776 2999 nostrum
798 2944 946 2999 sectantes
967 2955 1051 3000 more
1076 2936 1174 3000 lerino

410 3046 575 3126 ingenium,
596 3045 706 3126 legitur
726 3047 814 3108 nohis
836 3046 1015 3109 abeuntihm
1036 3047 1068 3108 in
1089 3064 1146 3108 noa
1388 3061 1389 3068 ¹

409 3157 494 3220 Illius
516 3175 635 3230 nemen,
659 3175 719 3236 quo
740 3156 866 3218 infamia
882 3164 986 3220 nostra
1008 3166 1135 3230 notatur,

360 3274 394 3330 8⁰
409 3267 512 3330 Bellua
533 3285 609 3346 quae
630 3265 750 3330 iuventa
771 3275 819 3328 est
837 3266 1038 3328 referentibus
1059 3283 1112 3327 ora
1129 3265 1276 3346 juvencae

409 3379 446 3439 ln
466 3378 565 3440 textis.
585 3409 627 3422 -
648 3376 736 3438 Nune
755 3376 826 3450 seis,
849 3395 924 3456 quae
946 3375 1036 3438 nobis
1059 3383 1122 3438 aeta
1144 3376 1272 3450 fuerunt,

409 3487 448 3549 Et
470 3506 545 3566 quae
565 3503 643 3548 noxa
665 3487 726 3564 egit
746 3493 861 3550 sontes
905 3487 938 3548 Si
960 3487 1039 3548 sorte
1058 3486 1203 3566 mquiras,

411 3596 469 3669 Qui
491 3595 594 3670 simus,
617 3615 788 3676 nomenque
810 3597 899 3658 simol
921 3596 1067 3677 cujusque
1089 3596 1236 3676 reposcis,

409 3706 476 3768 Non
497 3713 580 3769 vacat
601 3705 632 3766 id
654 3707 720 3780 lari,
742 3716 799 3768 nee
821 3706 942 3768 aeirem.
981 3707 1037 3768 Ast
1056 3705 1116 3768 ista
1136 3705 1247 3784 eupido

359 3819 392 3875 85
408 3816 468 3878 Per
488 3835 536 3878 me
557 3833 662 3878 manea
683 3816 736 3878 tibi
757 3817 819 3880 fiet
861 3817 936 3878 Nam
957 3815 1078 3878 nomine
1100 3815 1209 3878 Gmuos

409 3925 605 3988 Goameamus
628 3944 684 4004 ago
706 3925 800 4001 dicor,
819 3927 941 4008 jamque
962 3925 1050 3988 alaluo
1073 3924 1188 3997 sordes,

410 4036 498 4110 Quod
518 4037 603 4116 prius
625 4035 749 4110 indolui,
771 4037 872 4116 potius
894 4055 983 4115 quam
1004 4042 1135 4098 extrema
1155 4053 1319 4098 manerem.

453 4145 572 4219 Quales,
594 4145 712 4208 tristitia
735 4145 871 4208 orbatum
894 4145 1058 4224 magilaute
1078 4145 1254 4226 Lycurgum,

409 4255 580 4318 Prosiluere
602 4255 661 4317 duo
682 4255 746 4317 visa
769 4256 918 4334 ganetmoe
940 4247 1093 4334 gemellis

359 4378 393 4430 eo
410 4363 493 4426 Talis
513 4381 579 4442 ego,
602 4373 766 4429 attentum
786 4383 849 4426 neu
870 4365 975 4438 ausim,
997 4366 1121 4427 nomine
1142 4365 1237 4427 nostri

409 4473 517 4536 Audito
538 4475 634 4554 pau-is
655 4482 686 4538 et
706 4475 899 4555 rolimmmm,
922 4493 999 4554 quoa
1019 4474 1088 4538 tulit
1107 4482 1189 4538 aetas
