3236 5394
321 545 363 606 88
741 542 935 594 llll'EliNOllUll
953 542 1032 592 XXlll.

1048 637 1210 644 ———-
1218 637 1483 646 -.——————--—-—-

386 763 513 823 Pectore
532 779 580 822 me
602 769 724 841 portans
748 761 886 824 comitem
908 779 968 822 ooo
991 769 1023 822 ut
1044 779 1146 823 eomes
1167 760 1251 834 alter,

335 875 369 928 45
388 871 446 934 Sed
470 870 558 932 veluti
580 878 683 932 natum
705 871 831 948 genitor.
874 871 927 931 Vix
949 870 1053 932 intima
1076 871 1175 933 lossae

388 981 580 1060 Contigerant
600 979 733 1059 plantae,
757 999 824 1042 oum
843 981 906 1061 jam
929 999 1019 1060 super
1041 980 1156 1043 adstitit
1177 981 1274 1042 hostis

384 1090 524 1153 Insidens
546 1090 637 1162 olivo,
661 1091 713 1170 sed
737 1090 780 1152 nil
802 1097 866 1152 erat
886 1089 956 1152 inde
978 1089 1111 1164 timoris3

385 1199 511 1262 Provida
534 1219 602 1261 nam
625 1200 733 1262 summi
755 1200 902 1279 sapientia
925 1199 1056 1260 nooriois
1079 1199 1154 1262 istos

384 1310 513 1383 Quintae
534 1309 680 1390 praeleoit
701 1310 800 1370 fossae
822 1309 1024 1389 imposuitque
1046 1309 1208 1382 ministros,

336 1425 369 1478 55
385 1420 445 1483 Sed
468 1438 528 1481 oon
551 1419 620 1481 inde
642 1419 726 1482 dedit
743 1419 869 1498 vestigia
891 1437 981 1498 posse
1003 1436 1132 1481 morere.

385 1529 450 1590 lllio
472 1529 590 1590 inventa
613 1537 660 1590 est
682 1546 754 1606 gens
776 1529 924 1601 infucata,
947 1528 1098 1607 graduque

386 1638 486 1700 l'ardo
508 1657 596 1717 aegre
618 1648 753 1718 reptans,
778 1658 853 1718 quae
876 1637 988 1700 oiroum
1009 1638 1132 1716 largiter
1152 1636 1249 1700 imbre

385 1747 516 1810 Rorabat
537 1749 625 1811 lletns
648 1747 766 1822 oeulos,
791 1749 930 1827 vultuque
952 1746 1067 1808 terebat

386 1859 425 1920 Se
447 1858 557 1918 lassam
579 1877 614 1918 ae
636 1857 753 1918 vietam.
797 1857 934 1919 Demisso
957 1863 1025 1918 ante
1048 1875 1100 1919 ora
1123 1855 1239 1918 eueullo

335 1976 368 2031 55
386 1967 529 2046 Tegmina
551 1966 722 2046 pendebant
742 1966 823 2040 istis,
847 1983 906 2046 quo
928 1983 1013 2027 more
1035 1966 1171 2028 lacernas

387 2077 534 2138 Consutas
555 2077 673 2138 monaci
696 2085 820 2138 suerunt
840 2076 983 2138 adhibere
1006 2075 1121 2148 Coloni,

384 2186 581 2266 Exteriosqoa
604 2205 677 2248 auro
699 2186 793 2249 visum
816 2186 937 2247 lalleute
960 2185 1119 2246 micabant.

385 2296 423 2356 At
443 2296 564 2375 plumbo
586 2296 712 2358 interius
735 2315 920 2376 quacumque
943 2305 1084 2374 exparte
1106 2294 1251 2372 rigebant,

386 2405 437 2466 Sio
459 2405 574 2484 graria,
597 2415 630 2468 ut
651 2407 753 2486 paleae
776 2406 885 2467 luerint
908 2405 944 2466 de
968 2404 1110 2466 stramine
1131 2385 1287 2467 habendae

336 2522 369 2573 60
385 2516 489 2578 Vestes
511 2517 656 2578 Faromoo
678 2517 806 2578 miseros
830 2523 986 2594 torquente
1007 2521 1154 2593 repertae,

387 2625 411 2687 0
434 2644 580 2704 perpessu
602 2643 723 2706 asprum
746 2634 927 2704 tegmentum
950 2632 1067 2704 tempus
1089 2625 1120 2686 in
1143 2622 1247 2686 omne!

428 2734 490 2795 Nos
511 2736 624 2813 pariter
646 2735 721 2796 laevi
743 2755 851 2815 passus
874 2734 1049 2796 delleximus
1072 2753 1130 2796 una

387 2843 545 2924 Conjunoti
568 2844 735 2924 ameetique
757 2847 793 2908 ad
817 2845 912 2906 tristis
935 2861 1085 2904 murmura
1108 2843 1216 2905 luctus.

385 2953 522 3018 Pondere
543 2954 622 3015 lassa
646 2973 700 3016 suo
723 2954 777 3016 sed
799 2973 873 3033 geos
896 2973 930 3016 ea
952 2954 1031 3015 lenta
1053 2954 1192 3015 movebat

336 3073 368 3126 65
386 3065 437 3126 Sio
458 3083 526 3125 raro
546 3083 672 3144 passus,
695 3083 789 3126 novus
813 3073 845 3126 ut
866 3061 967 3125 eomes
990 3063 1034 3123 ire
1056 3063 1183 3135 viderer,

384 3175 480 3242 Unum
504 3174 554 3236 ubi
577 3192 746 3253 promoram
769 3175 875 3235 lemur.
920 3173 1054 3249 Hioego
1077 3171 1186 3233 talibus
1209 3191 1305 3244 orsus,

385 3283 506 3346 liucinii
529 3283 607 3344 dixi:
630 3285 689 3344 Fac
711 3291 833 3363 coepto,
857 3291 909 3346 aut
930 3282 1051 3344 nomine
1073 3291 1177 3342 notum

385 3393 522 3454 Invenias
545 3394 708 3472 quendam,
731 3402 820 3473 atque
843 3392 930 3454 oenlo
953 3392 1085 3472 undique
1108 3393 1333 3472 circumspecta,

268 3517 273 3528 ·
386 3503 461 3563 Dum
484 3502 529 3563 sie
550 3503 678 3564 incedis.
702 3537 743 3548 --
766 3504 841 3575 Sed,
865 3502 915 3582 qui
939 3502 1078 3580 cognovit
1098 3503 1276 3564 Hetrusoum
1316 3569 1320 3575 ,

336 3626 368 3675 70
387 3613 575 3684 Sermonem,
599 3612 721 3692 quidam
742 3621 813 3692 post
833 3621 948 3691 tergum
971 3612 1076 3673 tollere
1099 3612 1201 3691 eoepit

385 3722 560 3783 Exclamans
584 3741 702 3784 vocem:
725 3724 846 3784 Plantas
868 3723 1010 3796 retinete,
1034 3721 1141 3784 citatas

385 3832 445 3894 Per
466 3831 642 3910 caligantem
665 3851 754 3894 eursu
776 3833 820 3894 sie
842 3841 984 3912 praepete
1006 3831 1118 3912 ripam!

386 3943 474 4003 Forte
498 3961 514 4002 a
536 3961 583 4002 me
606 3941 720 4014 disces,
745 3961 819 4021 quae
841 3943 954 4022 poscis.
997 3943 1123 4004 Lumina
1146 3948 1226 4002 retro

387 4053 467 4124 Dux,
490 4051 538 4112 his
560 4052 685 4124 auditis,
708 4053 812 4125 vertit,
836 4054 881 4114 sie
904 4073 955 4118 ore
978 4052 1110 4113 loeutus:

337 4173 369 4224 75
386 4163 445 4222 Fae
467 4165 588 4222 mane'as
610 4181 646 4223 ae
668 4161 737 4222 dein
759 4181 852 4242 passu
873 4162 1003 4242 procede
1027 4161 1187 4223 semindus.

386 4270 513 4343 Restiti,
537 4280 567 4331 et
588 4292 658 4334 ecee
681 4273 756 4333 duos
778 4273 838 4334 vidi
859 4273 1066 4352 praepandere
1088 4271 1169 4332 vultu

387 4381 524 4458 Magnum
546 4380 637 4442 animi
661 4383 798 4443 ardorem
820 4399 937 4444 meeum
958 4381 1148 4461 properantis
1171 4381 1307 4451 adesse3·
1501 4406 1504 4528 p

388 4490 495 4550 Verum
517 4490 572 4548 hos
595 4491 751 4553 tardabant
773 4501 803 4552 et
824 4493 954 4570 pondus,
977 4499 1009 4552 et
1030 4499 1111 4551 areta
1131 4491 1256 4560 riarum.
