3214 5400
295 457 301 462 .
308 455 513 464 ..ρ-..ω-η-...ᾑ
537 459 542 464 ,

279 457 283 587 l
336 507 396 568 rso
671 461 694 466 -
776 516 1023 567 ruueerunuxu.
1065 532 1070 554 ·

290 611 844 626 n—---—-—-·.-....-.-—-—-·---—--
851 611 1512 626 mmmm*

279 637 281 694 l

401 743 497 804 Fusus
520 741 550 801 in
574 737 751 816 obsequium
774 733 899 814 supplex
920 733 1080 814 positoque
1102 737 1218 816 pudore

401 851 550 922 (leonstitit,
573 857 606 909 ut
626 863 740 927 poenae
762 844 864 906 dilecti
887 861 996 923 eorpus
1018 845 1105 908 amini

400 961 545 1040 Eriperet,
567 958 698 1019 rinotnrm
719 972 809 1035 quem
829 953 924 1016 tristis
947 973 1049 1016 career
1070 955 1198 1018 habebat

336 1085 382 1136 125
400 1071 528 1142 Cunnum
549 1069 577 1129 is
598 1066 676 1128 haud
699 1064 814 1126 eunetis
835 1064 919 1126 renis
941 1063 1064 1126 horrere
1085 1065 1204 1142 refugit.

444 1177 589 1240 Ulteriora
611 1175 665 1237 tibi
686 1174 764 1237 haud
786 1173 908 1246 addam3
930 1191 978 1234 me
1001 1173 1150 1236 involvere
1172 1193 1241 1237 rem

401 1286 546 1349 Obscuris
569 1285 648 1358 seio,
672 1284 724 1346 sed
747 1301 853 1363 pamm
875 1282 960 1344 abest
982 1303 1016 1345 ea
1037 1283 1183 1363 temporis
1205 1284 1287 1358 hora,

400 1399 482 1470 Cum,
506 1397 557 1475 qui
579 1402 607 1456 te
629 1395 775 1472 attingunt
794 1393 920 1472 propius
943 1392 980 1456 de
1002 1401 1088 1470 gente
1110 1394 1289 1474 propinqua,

399 1505 553 1579 efficient,
576 1513 606 1566 ut
629 1513 658 1566 et
679 1504 745 1583 ipse
768 1521 860 1582 queas
882 1501 931 1564 his
953 1501 1073 1564 demere
1094 1502 1191 1564 velum

334 1631 382 1682 130
400 1615 471 1678 Tale
493 1614 588 1676 virum
611 1614 726 1676 lacinus
749 1611 893 1674 subtraxit
916 1611 1024 1674 linibus
1047 1611 1115 1673 illis.

276 1662 280 1729 l

894 1873 967 1996 un

398 2055 464 2116 Non
487 2071 575 2116 seous
603 2062 691 2132 atque
709 2052 782 2134 jugo
804 2052 873 2114 nexi
894 2049 951 2114 hos
973 2070 1050 2115 unus
1073 2060 1102 2115 et
1123 2049 1205 2126 alter,

398 2165 481 2226 llanc
502 2163 613 2243 pariter
633 2163 743 2226 redens
766 2161 902 2224 umbram
924 2160 1087 2224 comitabar
1112 2170 1258 2237 onustam,

398 2273 500 2337 Dulcis
522 2272 592 2334 dum
614 2273 721 2334 ductor
741 2270 819 2334 tulit.
862 2270 915 2332 Ast
936 2271 987 2333 utu
1009 2271 1100 2334 farier
1120 2272 1201 2334 infit:
1226 2273 1230 2283 “

398 2383 479 2444 Mitte
500 2381 580 2444 huno
602 2389 632 2443 et
652 2390 753 2455 trana3
775 2397 903 2460 namque
925 2389 972 2444 est
992 2399 1041 2442 res
1064 2381 1176 2460 optima
1198 2382 1290 2462 remis

275 2476 280 2561 l
365 2493 436 2554 sut
455 2491 530 2554 velis
552 2491 662 2552 isthinc
683 2491 712 2554 ri
734 2509 849 2553 summa
870 2490 1024 2570 impellere
1047 2491 1183 2565 cimbam,

275 2577 278 2674 l
398 2603 476 2664 lllole
497 2620 563 2663 mea
586 2608 723 2673 stantem,
751 2619 807 2662 ceu
829 2596 880 2678 'qui
903 2600 1002 2663 studet
1023 2601 1082 2674 ire,
1104 2602 1204 2680 paravi

398 2711 445 2772 Me
466 2729 586 2782 rursus,
609 2728 787 2790 quemquam
809 2709 940 2772 demissa
963 2719 993 2772 et
1012 2727 1117 2772 manea
1138 2720 1274 2775 maneret

398 2805 481 2881 llens
503 2819 586 2881 mihi.
630 2818 693 2896 Ego
715 2819 880 2882 institeram
900 2821 1024 2898 vestigia
1046 2820 1137 2882 eorde
1158 2820 1273 2883 lubenti

397 2929 481 2990 Pone
503 2929 625 3002 ducem,
648 2935 679 2989 et
698 2946 768 3008 pes,
791 2929 863 3008 quid
884 2929 1001 2991 levitate
1023 2929 1147 3003 valeret,
1170 2931 1304 3011 utrisque

274 2961 278 3156 l
350 3051 380 3102 1⁰
399 3038 545 3100 Ostendit.
590 3038 664 3100 Cum
686 3038 730 3098 sio
751 3038 811 3100 dux
832 3039 901 3100 lari:
924 3040 1011 3102 Verte
1034 3039 1174 3102 deorsum

274 3157 277 3182 ¹
397 3148 537 3221 Lumina,
561 3147 633 3221 erit,
657 3146 727 3210 dum
749 3148 846 3228 carpis
868 3148 940 3222 iter,
964 3149 1017 3210 tibi
1038 3149 1125 3212 dulce
1146 3149 1280 3212 levamen

397 3258 493 3320 Strata
514 3257 615 3319 videre
637 3257 704 3330 soli,
728 3277 804 3337 quae
826 3258 897 3320 dant
916 3258 1057 3321 incedere
1078 3258 1195 3342 plantis.

397 3367 520 3429 Terreni
541 3374 574 3428 nt
597 3367 700 3428 tumuli
723 3374 914 3446 praeportant
935 3368 1032 3429 lronte
1055 3367 1163 3448 sepulti

395 3476 547 3554 Effigiem,
570 3485 603 3537 ut
624 3477 741 3538 discant
761 3477 851 3558 hujus
873 3478 1046 3539 meminisse
1068 3489 1202 3556 nepotes,

308 3601 314 3614 ¹
349 3586 507 3662 retonare
530 3604 620 3664 saepe
642 3585 827 3659 intonetur,
850 3593 1001 3665 pungente
1021 3583 1126 3650 dolore

397 3696 491 3758 Corda
514 3695 738 3770 recordantum;
760 3713 887 3776 namque
908 3696 984 3758 haee
1004 3699 1207 3761 tantummodo
1230 3702 1323 3780 tangit
1349 3737 1360 3762 .

395 3806 471 3866 Cura
492 3805 583 3884 pios)
605 3823 716 3883 aeque,
740 3805 793 3867 sed
814 3804 907 3868 multo
928 3806 1046 3885 plenius
1074 3808 1145 3869 artis

274 3947 275 3954 κ
394 3915 438 3976 Ad
460 3933 595 3976 normam
617 3933 759 3995 expressa
781 3925 811 3977 et
830 3914 921 3977 uariis
943 3915 1084 3980 distincta
1104 3918 1208 3996 liguris

395 4024 460 4085 Vidi
482 4031 574 4086 strate
594 4023 668 4097 riae,
691 4042 766 4103 quae
787 4033 918 4087 montem
940 4028 1084 4089 exstantia
1107 4028 1238 4106 cingunt

345 4139 379 4189 20
395 4133 621 4213 Conspioiebam
642 4133 742 4207 illum,
765 4152 854 4213 quem
874 4133 1028 4198 nobilitate
1051 4145 1167 4198 creator

393 4243 518 4304 Fecerat
539 4243 694 4318 eximium,
717 4243 794 4306 coeli
816 4261 874 4304 una
896 4262 931 4304 ex
952 4252 1036 4323 parte
1057 4255 1202 4320 ruentem,

394 4351 521 4427 Fulgore
544 4361 715 4433 correptum
736 4351 844 4426 rutilo;
866 4353 925 4416 udi
946 4354 1077 4416 Burnum

395 4462 437 4524 Ex
459 4461 523 4535 alia,
547 4463 713 4525 exanimum
735 4461 875 4526 eoelestis
897 4463 1019 4526 vulnere
1042 4464 1102 4539 teli,

310 4665 462 4672 ..fi-*-
