3234 5396
109 433 212 714 Ῐ
622 477 759 540 nanantsr
778 489 812 539 u.
996 509 1001 518 ,
1090 464 1093 486 ¹
1221 491 1283 555 291
1357 491 1360 496 ·

83 733 87 740 ·
218 708 256 770 lt
276 724 325 770 me
347 705 479 788 neoterio
501 706 635 786 woremi
656 723 713 770 ror
733 705 859 787 lgnpen
1306 725 1309 730 ·

31 901 34 914 .
188 821 194 836 ’
218 816 361 879 sincerae
382 814 486 878 domuit
506 814 577 878 fldei
599 815 790 878 arctissime
810 833 956 880 normam.

219 925 336 989 Credite
359 943 408 987 res
430 923 473 986 illi
495 931 559 999 ent,
581 933 612 987 et
632 925 713 988 olere
735 924 766 986 in
787 924 854 988 lone
875 925 1003 988 ridenda

218 1035 303 1098 Nune
324 1033 398 1096 mihi
420 1033 500 1096 diota
521 1042 625 1114 petent
645 1035 745 1116 hujus,
768 1035 884 1098 ratione
906 1036 1065 1116 modoque,

171 1155 204 1208 to
221 1144 297 1218 Quo,
320 1142 346 1206 ei
369 1143 488 1224 quenda
509 1143 620 1226 aliquis
642 1145 802 1226 quidquam
825 1145 914 1210 simul
936 1145 1046 1208 asserit
1066 1154 1154 1226 atque

218 1254 288 1335 lpse
309 1252 400 1316 simul
421 1265 518 1332 neget,
540 1261 572 1314 et
593 1253 700 1316 laisum
724 1265 755 1316 et
775 1271 877 1316 verum
900 1271 968 1320 esua
989 1253 1116 1320 videbis.

259 1365 299 1426 Ut
319 1363 449 1445 primum
470 1362 549 1425 movi
571 1363 695 1443 vestigia
718 1381 785 1426 eum
806 1381 897 1442 grege
918 1373 1032 1438 moun,

217 1473 372 1554 Inceptum
394 1471 531 1546 sublime,
553 1471 616 1534 lieo
638 1472 811 1554 adspirante
832 1472 972 1552 benigno,

217 1581 342 1656 lledoxi,
364 1581 541 1646 incumbens
562 1589 653 1655 tutare
675 1582 746 1646 dum
765 1582 847 1663 juste
867 1583 1014 1657 movebat,

169 1699 202 1754 tt
218 1691 380 1774 imperinm
401 1711 451 1754 me
472 1692 572 1765 dente,
594 1709 680 1754 meus
701 1691 866 1755 llelisarius
887 1710 989 1756 ermae

220 1800 274 1864 Cui
296 1801 342 1864 eie
359 1801 462 1882 juuete
486 1800 542 1864 luit
562 1801 705 1864 eoelestia
728 1801 849 1864 dextera
869 1803 959 1883 regie,

219 1911 257 1973 Ut
278 1911 352 1973 milri
374 1911 515 1974 suaderet
535 1907 635 1974 studio
657 1912 849 1992 requiesque
870 1912 901 1976 in
923 1913 995 1976 isto.

260 2020 306 2082 dd
328 2037 404 2101 quae
426 2020 522 2102 prinae
545 2020 725 2102 eugeniam
747 2030 795 2084 eat
816 2021 925 2084 leoiese
948 2031 1084 2104 putarem

219 2130 285 2194 lloe
305 2131 360 2194 tibi
381 2133 577 2212 responsum
599 2137 628 2192 at
649 2147 697 2192 me
719 2129 799 2210 ungit
819 2129 1005 2210 longineire

111 2327 112 2332 ἵ
170 2253 204 2308 to
219 2240 292 2322 Ejus
314 2239 457 2315 mnditia,
477 2249 569 2322 atque
590 2237 669 2302 eliud
693 2241 855 2322 quidquem
876 2241 987 2304 addere
1009 2240 1107 2307 dietis.

219 2350 258 2412 Ut
277 2349 356 2413 bene
377 2349 554 2431 perspicias,
573 2349 657 2431 justo
679 2369 739 2432 quo
758 2351 827 2432 jure
848 2351 1010 2414 verendum

218 2461 316 2542 Atque
337 2477 454 2522 eaerum
476 2460 594 2538 signum
615 2470 719 2524 eonon
742 2459 905 2532 eertamioa
928 2468 1008 2522 tante

218 2569 362 2633 Permulti
383 2579 531 2640 mereant,
554 2569 657 2652 etqui
680 2568 739 2632 sibi
760 2567 899 2644 vindicet,
922 2570 1024 2651 etqui

218 2679 337 2742 dhuuet
356 2681 481 2742 adverse
502 2679 619 2754 nitense
641 2695 721 2746 nune
743 2677 857 2760 accipe,
881 2687 991 2760 qututa
1021 2762 1026 2773 Ι

171 2789 338 2854 antenero
358 2789 417 2850 hoe
439 2789 556 2868 signum
578 2787 695 2851 eunetis
717 2789 887 2854 venerabile
907 2785 1012 2863 virtus,

220 2898 341 2980 ceper-it
363 2917 398 2962 ex
417 2897 532 2980 illaque
553 2897 613 2972 die,
636 2915 703 2961 eum
725 2897 838 2962 lumina
858 2908 979 2962 nectem
1339 2916 1342 3004 q

219 3007 333 3071 Clausit
353 3007 385 3070 io
405 3016 559 3072 aeternam
581 3005 689 3078 Pallas,
712 3008 784 3070 huie
804 3005 923 3072 tradere
944 3025 1068 3088 reguum
1338 3007 1342 3080 l

218 3118 296 3182 Dum
318 3117 429 3180 studet.
472 3117 554 3181 lleee
576 3117 707 3180 volueris
728 3133 785 3198 per
806 3117 882 3180 trina
903 3128 938 3180 ut
958 3118 1072 3184 sederit
1092 3118 1184 3184 Albae
1337 3091 1341 3276 j

218 3227 344 3292 Saecula
367 3236 398 3289 et
418 3227 551 3302 ulterius,
575 3227 665 3302 nesti,
687 3243 741 3290 sua
763 3243 890 3307 eorunm
913 3227 1010 3290 donee
1338 3277 1340 3304 ,

168 3349 201 3404 lo
217 3338 318 3402 Pubes
340 3336 504 3416 tergemina
524 3335 605 3400 haud
625 3335 771 3400 dubitarit
791 3344 916 3418 proptor
936 3337 1063 3404 eandem
1338 3307 1341 3358 ”

219 3448 376 3529 Objeeisse
397 3446 486 3522 neei3
508 3446 659 3528 uastique,
681 3445 753 3528 quid
776 3446 872 3526 egerit
891 3447 959 3521 iste,
1337 3359 1341 3555 Ι

217 3559 318 3621 Triste
339 3556 517 3620 Sabinarum
539 3565 658 3638 tempus
678 3555 706 3618 si
727 3566 828 3618 ruente
849 3555 992 3631 revolvas,
1337 3558 1340 3593 ³

132 3707 143 3740 .
217 3670 313 3748 Atque
336 3667 406 3730 iude
428 3685 523 3748 usque
546 3663 619 3730 illud
640 3671 770 3746 repetas,
792 3685 860 3728 oum
881 3675 1004 3747 pectore
1026 3668 1107 3730 lerro

218 3778 284 3840 Ulte
307 3795 393 3839 snum
411 3775 543 3842 admovit
563 3775 702 3840 Lucretia
723 3775 823 3857 prima
845 3777 990 3850 dolorem,

168 3896 201 3952 to
218 3888 277 3950 Per
299 3895 415 3968 septem
435 3885 541 3948 viatrix
562 3903 658 3966 teges,
681 3886 832 3950 dominata
853 3886 1041 3968 propinquos
1464 3856 1473 3880 ⁶

218 3997 349 4078 Imperio
371 3996 403 4058 in
424 3995 569 4078 populos:
593 3995 683 4070 nosti,
704 3995 776 4076 quid
798 3996 1023 4078 gementium,
1350 4049 1355 4060 ,

217 4108 252 4170 ln
274 4107 435 4180 Brennum,
457 4105 489 4167 in
510 4103 655 4185 Pyrrhum
678 4121 694 4167 e
716 4103 806 4168 elaris
828 4105 909 4168 illota
930 4106 1072 4188 maniplis

218 4215 419 4289 Romulidum,
442 4215 534 4296 inque
556 4213 632 4277 elios
654 4233 741 4295 reges
763 4216 946 4298 soeinliaque
968 4234 1060 4282 arma.

219 4326 319 4402 Quare
341 4325 521 4406 Torquatus,
540 4334 605 4388 tum
627 4324 786 4398 Quinotiue
807 4345 824 4388 a
846 4326 982 4406 neglecto

167 4444 202 4498 oo
219 4435 366 4501 Cineinno
389 4435 495 4510 dietus,
517 4434 601 4500 lleeii
623 4431 768 4516 Fabiique
789 4436 899 4498 deeora

1335 4436 1338 4473 l

1122 4538 1176 4591 ro*
1334 4484 1337 4561 <⁶

99 4566 1338 4651 umffi„-—-.l
