3362 5414
660 587 853 639 rnftnn'ottmt
871 589 906 638 Vl.

792 848 846 929 vt.

368 1025 406 1086 Ut
427 1025 501 1085 mihi
523 1044 608 1086 mens
631 1024 734 1097 rediit,
758 1045 834 1105 quae
857 1045 924 1089 sese
947 1028 1135 1090 obstruxerat
1156 1038 1224 1092 ante

285 1135 484 1212 Cognatcrum
507 1135 626 1196 umbras
648 1135 800 1211 geminas,
824 1136 894 1215 quia
916 1136 1044 1216 plurima
1067 1156 1175 1200 sensus

285 1243 419 1332 Tristitia
441 1244 537 1324 pietas
559 1243 633 1304 mihi
656 1244 881 1323 perturbaverat
903 1265 1023 1320 omnes,

283 1354 328 1414 En
350 1373 426 1415 nova
447 1371 613 1433 poenarum
635 1353 745 1426 iacies,
769 1373 843 1416 nova
867 1357 961 1418 tonna
985 1356 1117 1418 luentum

250 1463 415 1535 5l'cenas,
440 1481 627 1542 quocumque
649 1461 815 1538 incessum,
840 1483 1027 1545 qucctmrque
1049 1466 1199 1528 studerem

286 1574 404 1635 Vertere
427 1592 489 1645 me,
512 1591 701 1652 quecumque
724 1573 879 1636 cculcmm
900 1571 1012 1636 lumina
1036 1575 1123 1638 terre.

284 1683 474 1761 llercnicque
495 1682 599 1755 leceS,
622 1682 674 1744 ubi
697 1683 791 1744 saevit
813 1683 918 1745 tertius
941 1685 1022 1746 orbis

283 1793 317 1854 lli
338 1792 457 1872 pluviae
479 1800 613 1864 aeterna,
637 1811 739 1866 sacra,
762 1791 919 1872 gelidaque
941 1793 1092 1874 gravique,

284 1903 338 1965 Cui
360 1901 468 1964 modus
487 1919 585 1980 usque
608 1919 698 1977 suus,
721 1901 838 1964 novitas
861 1902 910 1964 cui
932 1901 1022 1964 nulla.
1065 1881 1181 1966 llttcbat

206 2076 209 2081 ,
235 2021 267 2072 10
282 2013 395 2091 bgmcn
417 2029 512 2092 aquae
534 2011 659 2084 tinctae,
683 2019 714 2074 et
736 2012 831 2074 solida
854 2013 904 2073 nix
926 2013 1070 2090 grandine
1092 2014 1181 2076 mista

282 2123 356 2184 bera
379 2140 434 2201 per
456 2121 582 2182 densum
604 2121 688 2199 nigra
710 2121 871 2182 formidine
893 2140 1026 2183 coecum.

282 2232 406 2294 Exhalat
427 2249 545 2292 sacram
568 2230 654 2292 tellus
676 2230 789 2292 imbuta
811 2231 967 2310 mephitin.

322 2341 425 2404 Bellua
447 2340 577 2402 crudelis
600 2340 790 2420 diversaque,
815 2341 987 2413 Cerneres,
1011 2359 1063 2402 cre

282 2451 460 2528 Tergemina
482 2450 570 2512 latrat
590 2449 741 2512 furibundi
765 2469 847 2511 more
867 2450 1002 2524 molossi,

234 2563 266 2616 ld
282 2560 434 2623 llamnatis
456 2559 587 2634 instans,
611 2577 687 2640 quos
709 2559 817 2637 mergit
838 2568 920 2620 vasta
942 2577 1063 2638 verago.

283 2670 445 2748 Sanguinei
467 2670 538 2732 huic
561 2669 654 2743 oculi,
678 2677 738 2732 stat
757 2668 851 2730 barba
872 2669 943 2731 huic
964 2678 1069 2744 uncta,
1093 2671 1194 2742 celere
1283 2742 1287 2754 ι

281 2780 380 2856 Eoeda
403 2787 482 2853 auc,
505 2787 609 2842 venter
629 2779 720 2853 latus,
743 2798 850 2841 manus
871 2779 1007 2859 hispida,
1030 2779 1146 2843 adunco

282 2892 384 2970 Ungue
406 2889 527 2952 umbras
549 2890 676 2960 lacerat,
699 2888 884 2969 gluhensque
906 2890 938 2950 in
960 2890 1054 2952 irusta
1076 2891 1209 2952 resolvit.

282 3001 343 3062 llas
365 2999 462 3062 imber
483 2999 563 3077 cogit
584 3007 691 3080 questu
714 2998 863 3062 exululare
886 2998 1011 3062 canino:

232 3117 266 3169 2⁰
281 3110 366 3172 Nunc
387 3109 490 3171 lateris
512 3109 588 3170 laevi
610 3109 774 3176 defendunt
795 3108 894 3189 objice
916 3109 1062 3182 dextrum,

281 3220 366 3282 Nunc
388 3219 484 3280 dextri
505 3218 629 3280 lacrum.
674 3218 800 3280 Volvunt
822 3219 866 3280 sic
889 3239 921 3281 se
944 3238 1039 3299 usque
1061 3220 1189 3299 profani.

212 3321 214 3332 ⁴
324 3331 386 3392 Ncs
408 3328 460 3390 ubi
482 3327 638 3408 prospexit
658 3345 783 3406 magnus
806 3328 897 3390 draco
921 3329 1091 3401 Cnnannus,
1115 3347 1166 3388 cra

281 3439 403 3511 Pandit,
428 3446 458 3499 et
479 3437 611 3499 ostendit
631 3446 745 3498 santes
768 3437 862 3498 denso
885 3437 1002 3515 agmine
1024 3437 1140 3500 dentes.

281 3549 399 3611 Nullum
423 3545 503 3628 qued
525 3546 638 3610 sineret
658 3547 825 3608 membrum
847 3547 1028 3620 consistere,
1051 3547 1188 3608 babebat.

231 3667 265 3724 25
282 3660 359 3721 Tum
381 3658 440 3720 dux
461 3657 594 3720 extendit
613 3657 728 3737 palmas
751 3666 919 3737 terramque
940 3657 1109 3737 prehendit,

281 3769 319 3830 Et
339 3767 477 3829 manibus
499 3766 598 3847 plenis
619 3767 763 3830 inhiantis
785 3767 868 3830 misit
889 3766 920 3828 in
943 3786 1004 3828 cra.

280 3877 378 3958 thue
400 3877 498 3951 canis,
522 3895 612 3958 mem
634 3877 697 3939 dira
720 3879 814 3942 tames
836 3877 944 3939 latrare
966 3876 1074 3955 coegit,

280 3989 357 4051 llum
378 3987 495 4049 mordet
515 3995 633 4068 pastum
656 3997 825 4067 correptum
847 3987 952 4058 dente,
976 3986 1113 4067 quiescit,

279 4099 314 4160 ld
336 4104 451 4159 tantum
472 4105 613 4176 spectans
635 4115 846 4177 pugnansque,
868 4107 902 4158 ut
923 4097 1045 4158 devoret
1068 4097 1183 4158 esc'am:

230 4213 265 4265 3⁰
278 4207 390 4270 Lurida
413 4207 459 4267 sic
479 4215 614 4270 monstro
638 4215 684 4270 est
705 4207 799 4270 iacies
820 4215 932 4268 mutata
953 4206 1072 4286 trifauci

282 4315 466 4379 Obtundcnti
489 4316 604 4382 animas
626 4317 682 4390 ita,
706 4326 739 4379 ut
759 4316 975 4378 obsurdescam
996 4315 1111 4378 malint.

321 4425 422 4488 lmbre
436 4427 526 4506 gravi
548 4409 677 4491 domitas
699 4446 756 4490 nos
776 4426 1026 4508 praeterlahimur
1047 4425 1180 4498 umbrae,

279 4535 317 4598 Et
338 4555 429 4600 vanas
450 4536 582 4601 bominis
603 4537 662 4599 riri
683 4538 739 4600 sub
761 4537 890 4618 imagine
912 4538 1023 4599 termas
