3234 5396
342 491 404 556 256
769 494 949 546 ruaonronu
967 493 1045 544 ιιιι.

407 713 532 776 Lumina
554 712 678 776 miratus
696 711 849 794 juvenilia,
872 721 901 774 et
921 711 1002 774 bunc
1023 729 1078 791 eqo
1100 731 1218 775 mecum

343 833 391 886 tto
407 823 531 885 llectum
552 821 697 885 ducebam
719 839 773 903 per
794 821 860 884 iter.
903 821 1000 884 Simul
1021 821 1087 902 ipsa
1108 823 1257 887 secundae

407 933 519 997 dotatis
541 931 625 1012 tetigi
647 931 749 1006 limen,
772 939 943 1010 mutataque
964 930 1023 994 rita
1045 939 1100 1006 est,

397 1043 448 1132 'Se
470 1042 542 1104 mihi
566 1041 593 1103 is
615 1041 732 1123 cripere
755 1048 843 1121 atqua
865 1039 924 1103 alio
947 1042 1102 1104 traducere
1124 1059 1253 1105 amores.

409 1152 483 1216 Cum
505 1151 612 1232 positis
634 1168 729 1213 nortus
752 1149 866 1214 exuviis
887 1149 1061 1212 mortalibus
1083 1159 1163 1213 astra

408 1261 537 1342 Spiritus
560 1261 609 1323 bic
630 1260 733 1342 petiit3
755 1268 915 1340 postquam
937 1259 1011 1336 mibi
1034 1260 1129 1322 torma
1151 1261 1301 1342 decusque

342 1376 390 1430 ιιι
408 1371 546 1434 Creverat
567 1377 596 1432 et
617 1370 719 1442 virtus,
741 1369 842 1432 minus
863 1377 894 1432 et
915 1368 1015 1432 miuus
1036 1369 1107 1432 huic
1129 1389 1184 1450 ego
1208 1389 1275 1434 cara

405 1482 502 1559 Atque
523 1487 645 1560 accepta
666 1479 721 1542 lui.
763 1479 823 1542 Per
843 1479 937 1542 llexus
960 1478 1005 1542 ire
1026 1479 1139 1542 riarum

405 1589 472 1652 Nou
493 1607 581 1652 veros
603 1589 714 1661 statuit,
738 1588 895 1651 simulacra
918 1587 1022 1650 dolosa
1045 1588 1192 1652 bonorum

406 1700 545 1772 Venatus,
569 1717 719 1778 nunquam
740 1697 899 1778 promissis
922 1705 1005 1760 sucta
1026 1717 1157 1760 manere.

404 1809 467 1872 Nec
488 1807 561 1871 mibi
583 1808 687 1874 vitales
709 1807 801 1870 divini
822 1806 954 1870 flaminis
979 1825 1067 1870 auras

339 1936 388 1989 ιιι
404 1919 521 1982 Profuit
541 1919 697 1998 impetrare
719 1916 779 1991 isti,
802 1923 835 1978 ut
855 1935 911 1996 per
931 1917 1049 1978 somnia
1069 1935 1183 1999 perque

333 2033 336 2042 '
403 2029 483 2091 llille
505 2035 583 2092 artes
605 2027 680 2090 alias
701 2044 881 2090 revocarem.
924 2025 1001 2088 Huic
1022 2026 1135 2090 tantula
1157 2028 1252 2090 nostri

405 2140 482 2204 Cura
503 2138 567 2212 luit,
592 2136 759 2222 ceciditque
780 2136 855 2199 adeo
877 2153 962 2216 mage
983 2145 1124 2217 praepote
1146 2155 1227 2204 casu.

403 2250 451 2322 Ut,
475 2247 619 2329 quidquid
639 2246 812 2310 remanebat
833 2246 910 2327 opis,
933 2263 1051 2308 serrare
1073 2247 1204 2310 studenti

402 2361 468 2422 Jam
490 2375 628 2420 mancum
650 2357 746 2430 luerit,
768 2364 886 2436 praeter
907 2357 1101 2420 monstranda
1123 2357 1251 2437 maligna

338 2478 387 2534 ιιι
403 2469 513 2548 Regna,
537 2475 624 2548 atque
646 2473 767 2528 aeterua
789 2464 943 2528 damnatas
964 2474 1060 2530 morte
1082 2476 1225 2530 catervas.

403 2579 481 2658 Ergo
502 2575 636 2640 harum
628 2574 715 2638 invisi
737 2583 854 2656 portam
874 2574 1076 2658 precibusque
1096 2576 1198 2656 rogari

401 2688 578 2750 Admiscens
598 2686 745 2760 lacrimas,
768 2685 819 2765 qui
840 2684 952 2748 dudum
972 2687 1032 2748 buo
1053 2685 1176 2750 duxerat
1196 2687 1294 2750 istim.

402 2797 499 2878 Rupta
520 2798 620 2860 loreut
640 2797 699 2858 lata
721 2795 781 2857 alta
801 2794 863 2868 Ilei,
887 2813 993 2858 secura
1013 2797 1116 2859 vadari

402 2907 436 2972 Si
458 2915 563 2988 posset
583 2906 686 2979 Lethe,
708 2913 739 2966 et
760 2904 834 2986 daps
855 2903 929 2966 baec
949 2905 1095 2981 gustanda
1116 2907 1239 2979 reniret,
1501 2763 1589 3236 'j

337 3036 386 3089 lto
402 3017 542 3098 Symbola
563 3015 613 3078 ubi
630 3016 752 3078 deesset
771 3015 968 3088 lacrimarum,
991 3034 1065 3095 quas
1087 3015 1202 3078 dolor'
1193 3035 1272 3080 rmus

401 3127 548 3200 Effundat,
572 3127 671 3188 lassus
693 3145 727 3188 se
749 3124 935 3204 poenituisse
955 3124 1113 3190 malorum.

1499 3596 1502 3727 ¹

870 3384 985 3466 XXXl.

401 3565 426 3629 0
448 3573 489 3638 tu,
513 3564 616 3644 quiin
638 3564 716 3626 sacri
735 3563 799 3643 ripa
822 3563 964 3626 adteriore
985 3563 1113 3626 moraris

399 3672 559 3737 Fluminis!
581 3707 624 3718 -—
645 3673 771 3736 obverso
793 3673 937 3754 punctim,
960 3673 1071 3736 caesim
1093 3681 1161 3736 ante
1182 3682 1278 3738 rotato

398 3784 546 3867 Alloquio,
569 3782 650 3864 quod
670 3792 735 3846 erat
755 3782 851 3846 visum
873 3791 974 3846 ιιιιιιιι
995 3783 1117 3846 auribus
1139 3801 1216 3858 acre,

398 3894 446 3956 Nil
469 3901 605 3956 cunctata
625 3894 733 3955 iterum
755 3895 939 3973 coepit3-
959 3913 1030 3956 uum
1051 3911 1120 3955 vera
1140 3894 1239 3957 locuta

365 4005 463 4070 bsim
484 4004 583 4077 modo,
606 4003 665 4078 dic,
689 4021 743 4080 age
765 4003 831 4079 dic;
853 4011 934 4066 taum
957 4023 1025 4066 cum
1047 4003 1170 4068 crimine
1193 4011 1312 4086 oportet

398 4113 495 4176 Verba
516 4113 636 4176 latentis
658 4125 727 4176 eant
747 4115 868 4194 pariter
888 4147 931 4160 -
954 4113 1084 4176 Confusa
1106 4113 1231 4176 lacultas

399 4222 450 4286 Sic
470 4241 518 4286 me
540 4229 702 4302 torpuerat,
724 4232 757 4285 ut
778 4242 854 4304 quae
875 4242 933 4286 vox
952 4224 1090 4296 hiscerat,
1113 4231 1181 4286 ante

400 4332 496 4405 Quam
517 4331 616 4411 lingua
637 4333 732 4395 emitti
753 4340 867 4412 posset,
889 4334 1030 4396 restincta
1052 4342 1196 4397 maneret.

440 4441 507 4503 Non
529 4442 596 4504 tulit
614 4442 665 4504 illa
687 4442 746 4517 diu,
769 4442 823 4506 sed
845 4443 900 4506 ait.
923 4444 1006 4518 Quid
1023 4451 1146 4524 pectore
1167 4440 1285 4505 rolris?
