3236 5394
315 577 357 642 32
759 579 953 632 lurnuuonou
972 579 1029 632 vm.

381 799 459 862 fluio
480 816 551 878 ego:
574 797 769 880 Praeceptor,
789 801 853 881 jam
875 811 986 873 turres,
1010 798 1128 878 altaque
1148 806 1228 862 tecta
1602 813 1604 818 ·

332 921 365 971 7⁰
381 910 447 971 illio
468 909 575 972 veliem
597 909 675 972 iutra
696 908 800 972 iideor
821 909 896 971 mihi
918 921 1041 970 eernere
1064 918 1156 970 nerto.

381 1019 435 1081 His
458 1018 564 1082 rutilus
586 1020 670 1081 eolor
691 1027 753 1092 est,
776 1019 873 1082 luoem
895 1026 927 1080 et
946 1018 1027 1080 reiut
1048 1018 1135 1097 ignea
1156 1017 1288 1082 mittunt.

382 1130 471 1210 isrpue
493 1129 584 1190 mihi:
607 1130 770 1200 Aeternus,
793 1127 922 1208 quihus
944 1136 1041 1190 turres
1065 1127 1218 1207 excoquit,
1242 1128 1321 1206 ignis

382 1239 522 1302 Ostendit
542 1239 666 1313 rubras,
688 1249 722 1301 ut
742 1238 775 1300 in
797 1238 857 1302 ima
878 1236 937 1300 hao
957 1237 1032 1300 valle
1054 1237 1156 1300 ridere
1179 1247 1234 1300 est.

381 1351 439 1412 Fas
461 1350 518 1411 init
539 1355 569 1412 et
589 1347 678 1410 nohis
701 1349 800 1410 fossas
822 1347 933 1409 intrare
956 1347 1121 1428 profundas

331 1459 364 1512 ⁷5
381 1459 510 1522 Tristem
531 1459 675 1521 vallantes
696 1467 816 1520 terram.
859 1457 931 1520 iiihi
953 1455 1071 1520 moenie
1094 1457 1169 1519 risa·

380 1570 498 1632 Ferrea.
542 1568 675 1631 Cirouitu
697 1585 764 1630 oum
786 1568 890 1646 longo,
913 1585 1041 1647 numque
1062 1585 1186 1630 reoursu

380 1678 522 1742 Venimus
544 1678 575 1740 iu
597 1689 714 1758 partes,
736 1677 788 1738 ubi
810 1677 942 1739 olamans
965 1675 1064 1738 navita
1087 1678 1190 1738 toruis:

380 1789 480 1861 Exite,
504 1786 670 1859 infremuit,
694 1795 777 1868 patet
797 1786 847 1848 hic
869 1786 1023 1865 ingressus
1045 1786 1076 1848 iu
1098 1787 1213 1849 urbem.

424 1899 499 1961 Tum
521 1915 593 1958 vero
614 1897 721 1971 muita,
744 1896 836 1958 immo
858 1896 926 1975 plus
948 1913 1038 1975 quam
1059 1895 1154 1958 millia
1175 1897 1236 1960 ridi

329 2019 364 2072 8⁰
380 2008 471 2070 Coelo
493 2007 662 2087 lapsorum,
686 2007 776 2068 eorde
799 2005 989 2085 indignante,
1012 2015 1189 2085 rogantum:

379 2118 435 2180 ilio
458 2117 599 2198 quidnam
621 2115 838 2190 esthominis,
861 2115 909 2178 eni
931 2117 997 2177 vivo
1019 2116 1146 2195 contigit
1168 2116 1212 2178 ire

377 2228 479 2307 Regna
500 2245 555 2307 per
575 2227 752 2306 absumptae
772 2225 858 2288 ferali
881 2227 985 2288 iuuere
1007 2223 1128 2304 gentis?

373 2338 433 2399 Sed
455 2349 526 2399 auno
547 2345 726 2418 praeoeptor
747 2336 869 2416 sapiens
892 2344 975 2398 stans
996 2334 1102 2397 annuit
1122 2335 1192 2410 iilis,

374 2447 484 2510 Nescio
507 2446 593 2527 quid,
617 2465 651 2508 se
672 2445 748 2508 velle
770 2445 853 2526 loqui
876 2464 911 2509 ao
933 2443 1091 2508 demittere
1113 2445 1146 2508 iu
1168 2464 1266 2510 aures.

322 2559 357 2614 85
376 2558 452 2619 Tum
473 2575 544 2618 vero
567 2554 664 2634 gravis
687 2555 731 2617 ira
754 2555 838 2618 stetit
859 2573 1033 2633 compressa
1054 2573 1216 2636 parumper

378 2667 539 2729 dentibus:
561 2666 628 2728 iiuo
649 2665 751 2728 venies
773 2673 804 2726 tu
827 2665 927 2738 sotus,
950 2675 979 2726 et
1001 2665 1053 2727 ilie
1074 2665 1203 2737 recedat,

377 2777 459 2839 Haeo
481 2794 572 2855 regne
594 2775 748 2854 ingressus
769 2781 854 2836 tanto
875 2774 1053 2837 temerarias
1075 2793 1159 2838 auso.

378 2886 431 2950 ille
454 2886 558 2948 insana
579 2896 660 2948 retro
682 2891 798 2964 repetat
817 2882 943 2962 vestigia
965 2883 1067 2947 solus:

378 2997 556 3077 Experiatur
576 2995 646 3067 iter,
670 2995 697 3056 si
719 2994 791 3066 soit,
814 3011 884 3056 nam
905 2993 956 3055 hio
977 2994 1044 3074 ipse
1065 2993 1211 3058 manebis.

328 3117 362 3170 eo
421 3107 511 3169 Volve
532 3105 647 3179 animo,
669 3105 778 3178 lector,
801 3103 883 3184 <pmii
903 3121 990 3166 mens
1011 3111 1114 3166 nostm
1135 3122 1245 3184 pauore

256 3195 258 3200 ⁵
379 3214 566 3285 Conciderit,
589 3215 768 3296 simulatque
789 3214 865 3277 haee
885 3233 934 3276 me
956 3213 1105 3276 sententia
1126 3213 1201 3276 diris

371 3325 532 3388 ¹Percussit
551 3324 666 3398 verbis,
689 3333 723 3386 ut
743 3339 897 3404 nunquam
917 3341 1010 3404 posse
1032 3332 1168 3402 putarem

255 3439 258 3484 i
377 3436 450 3498 iude
472 3437 586 3498 reterre
606 3435 724 3514 pedem.
768 3433 891 3498 Omihi
912 3435 972 3496 dux
993 3433 1164 3507 carissime,
1188 3434 1258 3508 dixi,

256 3621 257 3638 χ
377 3547 449 3609 Pius
470 3545 536 3608 vioe
557 3553 683 3626 septena
704 3544 778 3606 mihi
801 3544 916 3606 reddite
938 3562 1082 3624 sponsor,
1107 3552 1137 3606 et
1157 3544 1248 3606 obser
1324 3583 1328 3592 -

255 3639 258 3676 ³
327 3670 360 3723 95
379 3655 503 3735 Cognite
525 3654 555 3716 in
577 3653 701 3716 immani
721 3653 799 3716 ritae
821 3653 1011 3727 discrimine,
1035 3673 1102 3716 oum
1123 3674 1173 3718 me

379 3767 488 3829 Contra
511 3763 708 3826 obsistentem
729 3763 859 3825 doouieti
881 3764 1007 3826 eredere
1028 3771 1155 3844 pestem,

376 3876 421 3937 Ne
442 3895 490 3938 me
513 3875 558 3937 sic
578 3873 697 3954 linquas
718 3873 884 3948 desertum,
907 3882 996 3954 atque
1019 3874 1153 3937 omnium
1174 3891 1309 3952 egenum.

255 4005 258 4096 ἱ
378 3985 512 4059 Quod
487 4005 514 4046 sr
535 3984 593 4046 iter
614 3983 740 4048 ulterius
761 3982 850 4046 nobis
871 3991 987 4046 tentare
1009 3992 1141 4064 negetur,
1226 4017 1230 4024 ·

255 4099 258 4172 i
377 4095 439 4156 Nos
461 4094 569 4174 raptim
591 4093 704 4174 pariter
724 4093 852 4172 vestigio
872 4102 976 4156 nostra
996 4103 1144 4174 petamus.

255 4217 257 4280 Ι
312 4219 361 4270 loo
419 4204 495 4266 Tum
517 4223 587 4267 vero
609 4205 659 4268 iile
680 4211 803 4283 potens,
827 4204 878 4284 qui
899 4223 948 4266 me
968 4203 1149 4290 perduxerat
1169 4204 1258 4266 iiiuc:

375 4315 458 4376 Pone
481 4323 608 4390 metum,
618 4314 715 4376 dixit.
757 4314 837 4383 Nntli
859 4321 907 4376 est
927 4325 1072 4377 oouoesea
1094 4322 1229 4394 potestas

376 4425 438 4486 Nos
460 4424 621 4504 prohibere
641 4425 705 4498 ria,
727 4443 816 4506 qnam
837 4441 917 4486 mmo
938 4423 1179 4490 oontendinms
1168 4443 1229 4489 ree·

376 4535 478 4615 Usque
500 4534 576 4596 adeo
597 4535 696 4598 denda
717 4534 922 4615 supereminet
941 4535 1042 4597 omnia
1062 4535 1166 4596 virtus.
