3282 5404
358 527 420 594 342
818 527 951 579 rrnlmsr
968 527 1027 579 ιιι.

424 746 569 812 Laetitiae
591 749 691 820 llores,
714 756 831 809 vestros
853 745 927 809 mibi
950 747 1042 808 odore
1065 745 1120 808 sub
1143 765 1203 808 uuo

424 859 576 921 blitteutes
598 858 697 920 cuncti
719 857 892 936 singlariter
913 857 1045 937 undiquc
1067 855 1187 930 odores,

426 968 548 1043 Solvite,
571 967 731 1048 spirantes,
753 975 875 1028 nostrae
893 967 1008 1048 jejunia
1029 965 1148 1039 mentis,

376 1087 380 1096 '
428 1079 525 1152 Quam
547 1079 625 1142 lame
647 1085 799 1139 torserunt
820 1077 918 1156 longa,
942 1075 1012 1157 quia
1034 1075 1141 1156 pabula
1165 1075 1245 1137 nulla

376 1202 410 1256 ab
427 1187 529 1250 luveni
552 1187 583 1250 in
605 1186 705 1250 terris.
748 1187 896 1266 Equidem
917 1203 965 1248 me
989 1185 1067 1248 scire
1089 1184 1207 1247 fatebor

425 1299 543 1360 lustum
564 1297 647 1359 illum
669 1305 794 1377 petrem,
818 1296 951 1377 quamvis
973 1313 1040 1358 sese
1063 1294 1129 1375 ipse
1150 1295 1311 1357 videndum

429 1407 465 1470 Ut
487 1408 642 1487 speculum
661 1406 800 1469 ostendat
821 1406 898 1468 coeli
919 1425 974 1486 per
995 1413 1112 1468 caetera
1136 1422 1266 1479 scamna,

427 1517 493 1581 Nou
514 1517 586 1580 huic
609 1517 664 1579 sub
685 1518 751 1578 velo
773 1535 841 1579 sese
863 1515 1007 1597 praebere
1030 1514 1174 1576 coborti.=

428 1627 530 1702 Scitis,
553 1634 585 1690 ut
607 1635 739 1689 arrectus
762 1625 925 1688 consistam
947 1623 1049 1686 audire
1070 1633 1208 1703 paratus3

378 1755 413 1808 so
428 1738 495 1800 Nou
518 1736 662 1817 ignoratis
684 1753 838 1816 quaenam,
860 1735 938 1797 male
960 1751 1030 1796 cura
1052 1733 1187 1808 molesta,
1276 1787 1294 1817 ,

429 1847 597 1928 Ancipitem
619 1846 764 1924 exlongo
786 1845 902 1908 esuries
924 1843 1049 1908 collecta
1069 1851 1211 1906 moretur.

472 1955 577 2030 Qualis
597 1955 649 2019 ubi
672 1955 791 2017 exsiluit
812 1954 930 2016 sublato
951 1953 1080 2034 tegmine
1102 1954 1189 2028 lalco,

428 2065 565 2144 Exagitet
586 2072 675 2146 caput
696 2073 784 2144 atque
807 2064 862 2126 alis
884 2063 943 2126 sibi
965 2063 1080 2145 plaudit
1100 2064 1221 2144 apertis,

430 2177 626 2255 Ostentatque
648 2175 769 2238 inhians
791 2175 924 2236 lormo'so
946 2173 976 2236 iu
998 2191 1125 2255 corpore
1146 2173 1254 2241 roburt

380 2295 413 2351 85
431 2286 503 2348 Tale
525 2286 598 2348 illud
620 2285 737 2363 signum
759 2290 928 2346 contextum
949 2282 1087 2346 laudibus
1109 2284 1179 2346 almi

429 2395 572 2459 Flaminis
593 2393 727 2475 adspexi,
750 2394 862 2456 circum
883 2393 1096 2456 resonantibus
1117 2393 1243 2474 hymnis,

432 2507 516 2580 Quos
538 2504 670 2566 didicere
691 2502 763 2577 illic,
786 2503 837 2583 qui
859 2511 979 2566 aeterna
1000 2522 1075 2584 pace
1096 2505 1243 2566 lruuntur.

473 2613 563 2678 Dein:
587 2613 646 2687 Qui
669 2631 841 2694 supremum
864 2631 998 2675 normam
1020 2613 1199 2676 circumtulit
1220 2612 1333 2688 orbem,

432 2725 549 2804 Totque
571 2723 613 2785 ibi
635 2723 787 2803 disposuit
806 2723 963 2785 manifesta
985 2721 1159 2804 occultaque
1182 2731 1264 2785 certo

381 2847 416 2900 ab
434 2833 556 2908 Ordine,
579 2850 640 2895 uon
661 2832 760 2912 potuit
781 2833 934 2912 propriam
956 2833 1001 2894 sic
1023 2833 1160 2913 sculpere
1183 2833 1294 2913 ubique

431 2945 586 3016 Virtutem,
609 2961 662 3005 sua
686 2943 758 3022 quin
780 2942 910 3022 spatium
931 2943 1080 3022 sapientia
1102 2942 1223 3004 abesset

432 3056 536 3132 Longe
558 3051 705 3114 inlinitum
729 3070 921 3132 exsuperans.
963 3053 1023 3114 Res
1045 3052 1111 3134 ipsa
1133 3053 1263 3129 notavit3

432 3165 508 3227 Nam
531 3162 676 3225 Tumidus
697 3164 822 3243 primus,
845 3161 893 3224 cui
915 3162 1133 3242 perfectissima
1155 3164 1250 3224 lorma

433 3274 491 3337 Uni
513 3281 578 3336 erat
598 3273 717 3346 eximio,
739 3269 879 3335 indocilis
901 3272 960 3333 sibi
981 3289 1107 3352 poscere
1128 3273 1237 3347 lumen,

383 3393 417 3447 ab
435 3385 554 3465 Speque
577 3402 629 3446 sua
650 3400 805 3463 praeceps,
828 3401 902 3445 casu
923 3390 970 3444 est
991 3382 1132 3462 delapsus
1154 3383 1272 3445 acerbo.

434 3495 529 3574 Atque
550 3492 621 3554 binc
642 3491 784 3571 colligere
805 3491 968 3566 salvebis,
990 3509 1084 3569 genus
1107 3511 1194 3556 omne
1215 3493 1342 3555 minoris

317 3587 320 3592 ¹
435 3603 564 3667 Naturae
587 3620 647 3662 uon
670 3620 738 3664 esse
759 3601 845 3664 Bono
867 3619 922 3682 par
942 3602 1002 3662 line
1024 3602 1147 3676 carenti,

436 3710 524 3786 Quod
546 3711 605 3774 sibi
626 3728 766 3773 mensura
788 3718 834 3772 est
855 3711 911 3772 soli
935 3719 965 3773 et
985 3711 1066 3791 quod
1087 3729 1120 3772 se
1135 3711 1222 3792 'capit
1242 3731 1345 3775 unum.

435 3821 515 3901 Ergo
537 3827 639 3883 nostra
662 3821 751 3895 acies,
774 3820 859 3882 radio
881 3838 957 3901 quae
979 3821 1094 3884 oriatur
1114 3829 1233 3902 oportet

387 3936 421 3991 bu
436 3933 479 3994 Ex
502 3931 602 4011 aliquo
624 3930 743 4004 mentis,
766 3931 851 4012 cujus
874 3939 944 3992 sunt
964 3931 1065 3993 omnia
1085 3931 1183 4011 plena,

438 4041 549 4103 Natura
569 4040 650 4103 haud
671 4040 752 4120 potis
774 4050 820 4102 est
842 4049 922 4103 tanta
944 4040 1052 4103 virtute
1073 4041 1180 4115 valere,

437 4149 476 4212 Ut
496 4169 558 4214 nou
578 4149 748 4230 cognoscat
761 4167 794 4212 se
815 4150 908 4212 multo
931 4168 1052 4213 cernere
1072 4151 1201 4231 primum

438 4259 623 4341 Principium
644 4259 770 4321 inlerius
792 4279 841 4334 re3
863 4261 965 4340 fitque.
986 4267 1020 4323 ut
1039 4261 1161 4333 lumina,
1183 4260 1273 4322 vestri

440 4369 547 4443 Qualia
563 4376 633 4431 sunt
652 4369 765 4443 mundi,
788 4389 856 4432 sese
878 4370 910 4431 iu
931 4370 1094 4451 penetralia
1114 4371 1233 4434 mittant

389 4478 577 4543 soluendae
597 4487 742 4554 aeternae,
764 4480 845 4543 velut
865 4481 995 4560 amplum
1016 4499 1072 4562 per
1091 4499 1173 4544 mare
1193 4481 1292 4556 risum
