3236 5394
576 573 770 629 tercentenus
787 579 837 629 llll.

210 794 372 873 Congeries
394 811 429 856 ea
451 811 607 868 saxorum,
632 813 708 875 quoe
730 813 820 874 saepe
842 797 954 860 moveri

210 905 270 968 Sub
292 904 421 983 pedibus
444 905 543 978 sensi,
565 905 644 966 haud
666 916 810 966 consueto
832 907 965 985 pondere
986 923 1101 986 pressa.

158 1025 193 1076 30
209 1015 291 1076 Ibam
313 1015 404 1076 multa
429 1022 551 1094 putans,
576 1021 664 1094 utque
687 1015 728 1075 is:
753 1014 820 1076 Tibi
842 1023 942 1078 mente
963 1024 1084 1104 reposta
1192 1075 1194 1086 ,

209 1124 297 1185 Forte
320 1123 405 1186 ruina
428 1132 543 1196 manet,
567 1124 615 1188 cui
638 1133 740 1186 custos
762 1124 812 1186 illa
835 1125 929 1188 lerina
1072 1195 1074 1200 ,

209 1234 256 1295 lra
278 1234 377 1306 sedet,
400 1234 489 1294 modo
513 1251 602 1313 quam
625 1234 761 1296 exstinxi.
805 1235 890 1296 Nunc
911 1235 1030 1315 impulit
1050 1235 1128 1297 ultro

210 1345 307 1416 llens,
332 1351 363 1404 ut
385 1343 465 1406 te'id
488 1344 622 1404 doceam.
667 1345 734 1417 Quo
756 1344 815 1406 huc
837 1345 908 1405 olim
930 1356 1065 1426 tempore
1086 1346 1163 1419 veni,

211 1454 350 1515 Nondum
371 1452 462 1514 stiam
482 1461 583 1514 ruerat
604 1463 752 1516 commota
775 1454 849 1515 haec
871 1454 967 1516 diruta
989 1471 1095 1535 rupes3

162 1573 196 1626 85
211 1563 247 1624 dt
270 1570 352 1624 certe
371 1562 472 1641 paullo
495 1571 578 1636 ante,
601 1561 730 1624 nisime
752 1563 866 1643 decipit
886 1581 979 1637 error,

213 1675 307 1746 Quam
329 1673 387 1733 huo
410 1672 594 1745 adventaret,
617 1659 754 1752 magnain
776 1673 827 1752 qui
850 1691 883 1734 ex
906 1673 979 1736 orbe
1001 1691 1131 1754 superno

210 1783 343 1844 Extorsit
362 1781 422 1843 Iliti
444 1783 599 1862 praedam,
619 1784 682 1863 jam
705 1783 762 1844 alta
785 1783 916 1862 undique
938 1783 1025 1844 loeda

210 1892 300 1954 Vallis
322 1892 362 1953 ita
385 1891 554 1964 intremuit,
577 1899 693 1972 raptum
717 1901 748 1954 ut
770 1893 927 1956 dulcedine
949 1893 1060 1956 amoris

210 2002 244 2064 ln
267 2002 365 2064 Chaos
387 2001 541 2081 antiquum
563 2002 635 2064 milri
658 2003 699 2064 sit
720 2003 877 2064 considere
898 2003 993 2063 visum

161 2111 355 2178 to'Funditus
377 2131 481 2184 omne,
503 2112 596 2192 aliqui
618 2112 758 2192 quoniam
780 2112 811 2173 id
832 2111 950 2174 venisse
972 2121 1114 2192 putarunt

212 2223 329 2301 Saepe3
352 2232 441 2300 atque
462 2222 518 2282 ista
541 2232 625 2283 vetus
647 2233 750 2284 cautes
771 2221 803 2282 in
824 2221 969 2301 temporis
991 2222 1042 2284 illo

213 2332 329 2394 Puncto
346 2331 396 2393 hic
419 2337 507 2412 atque
530 2331 602 2393 alibi
623 2331 676 2394 tali
697 2341 745 2393 est
766 2333 897 2392 revoluta
919 2332 1014 2394 ruine.

255 2443 314 2504 Sed
335 2449 369 2502 tu
390 2459 470 2502 nrmc
492 2441 595 2503 oculos
618 2443 722 2520 deligo.
764 2442 819 2502 Est
838 2441 973 2522 proxima
994 2441 1080 2520 nigro

212 2551 295 2614 Unda
318 2567 424 2612 cruore
443 2553 558 2624 fluens,
580 2551 632 2614 uti
653 2560 736 2614 vasto
759 2551 913 2614 ebullitio
936 2562 1030 2626 cestu,

163 2669 195 2722 to
212 2663 246 2723 vi
269 2661 448 2742 quicumque
471 2659 538 2723 aliis
560 2671 676 2724 nocent.
721 2662 766 2724 Oh
790 2681 880 2724 coeca
901 2661 1020 2741 cupido,

214 2772 260 2834 Oh
277 2771 382 2834 rabies
404 2787 528 2845 resana,
551 2772 632 2834 brevi
656 2789 734 2852 quae
754 2773 813 2834 hoc
834 2781 969 2852 tempere
990 2771 1068 2835 vitae

212 2883 274 2943 Nos
297 2883 372 2943 adeo
394 2881 581 2954 exstititque,
604 2883 682 2944 male
704 2881 749 2943 sic
770 2901 904 2944 mersura
925 2899 981 2961 per
1002 2901 1105 2944 aevum

213 2989 388 3054 Aeternum!
410 3025 452 3038 -
473 2991 530 3053 llio
552 2991 694 3072 amplam,
718 3010 794 3071 quae
816 3011 849 3054 se
872 2991 1011 3053 sinuabat
1032 2992 1063 3054 in
1084 3011 1194 3066 arcum,

212 3103 336 3164 Fossam
360 3119 482 3163 cernere
504 3113 582 3169 erat.
605 3101 696 3164 veluti
719 3120 807 3183 quam
830 3103 945 3164 dixerat
966 3121 1085 3164 omnem

166 3221 198 3274 at
215 3211 372 3273 Planitiem
394 3195 534 3290 amplecti
557 3212 664 3273 ductor
683 3213 778 3291 prius.
821 3213 902 3274 luter
924 3220 954 3274 et
975 3211 1050 3272 imas

213 3321 341 3384 Radices
362 3319 447 3400 ripae
469 3331 500 3382 et
520 3322 632 3382 fossam
654 3320 770 3399 agmine
793 3321 965 3384 circumfusi

215 3433 363 3493 &ursoni
384 3431 443 3492 huo
465 3430 535 3492 illuc
558 3442 707 3509 gestantes
728 3430 787 3492 tela
809 3430 944 3505 ruebant,

214 3541 251 3603 Ut
272 3560 339 3602 mos
360 3540 410 3602 his
431 3541 529 3602 luerat
548 3539 649 3604 venari
670 3541 762 3602 lustro
786 3542 925 3602 ferarum.

213 3649 334 3731 Nosque
357 3650 407 3712 ubi
428 3650 566 3713 viderunt
586 3650 722 3713 labentes
741 3650 867 3725 vertice,
890 3649 1017 3731 quisque

167 3760 370 3834 retorserit,
394 3771 483 3841 atque
504 3761 569 3822 acie
592 3779 627 3823 ex
649 3761 698 3823 illa
721 3771 784 3824 tres
804 3760 885 3824 ilicet
907 3781 979 3824 arcu

214 3870 310 3950 Atque
331 3870 426 3932 hastis
448 3870 532 3951 prius
556 3870 659 3932 electis
683 3871 841 3945 excedere,
865 3879 895 3932 et
916 3889 993 3933 unus

214 3981 377 4041 lnclamarc
400 3981 523 4059 procul:
547 3981 619 4054 llos,
643 3981 693 4061 qui
716 3981 914 4054 descenditis,
937 3981 974 4042 ad
998 3999 1086 4060 quam

214 4090 345 4151 Venistis
367 4088 517 4169 poenam?
537 4092 652 4154 lstlrinc
673 4091 779 4163 dicito,
803 4091 851 4152 sin
873 4089 987 4162 minus,
1011 4108 1081 4154 arcu

215 4200 355 4280 Ejaoulor
377 4211 472 4262 tenso.
517 4201 698 4281 Praeceptor
719 4202 789 4262 talia
811 4210 934 4262 contra:

167 4320 200 4372 ott
217 4309 344 4372 Cnruoru
366 4310 441 4372 lsaec
463 4310 575 4372 isthinc
595 4312 720 4392 propius
742 4329 887 4390 responsa
910 4309 1073 4371 decumum

216 4419 250 4480 ln
271 4429 322 4480 tua
344 4421 454 4484 damus
475 4419 564 4482 nimis
586 4439 706 4501 semper
727 4429 787 4482 tom
809 4427 946 4500 prompta
968 4419 1062 4481 libido

216 4529 276 4590 Ista
298 4529 364 4591 luit.
408 4531 484 4592 Tum
506 4550 553 4594 me
576 4531 709 4595 fodiens:
730 4531 811 4592 llaec
834 4530 914 4592 illius
935 4529 1043 4592 umbra
1063 4537 1109 4592 est
