3282 5404
658 509 792 562 Plutbtst
811 512 859 562 XX.

262 728 357 809 Atque
379 727 460 790 bono
483 727 603 806 incepto
623 745 722 807 prere,
743 747 805 791 non
826 729 924 809 possit
944 729 1052 792 obesse

262 837 393 909 ductori,
416 836 487 899 inde
507 836 579 898 licet
598 837 677 899 toret
697 857 848 901 emersura
870 839 957 902 ruina

212 958 246 1012 bo
262 948 409 1010 Eversura
431 946 543 1008 orbem.
587 947 645 1009 Sed
668 947 719 1026 qui
741 949 921 1028 spectandus
942 948 974 1010 in
996 966 1067 1010 arcu

263 1058 318 1120 Est
338 1057 394 1118 tibi
417 1055 533 1129 declivi,
555 1075 665 1118 nomen
687 1057 850 1120 Guilelmus
871 1057 1009 1131 babebat,

263 1168 359 1241 Quem
381 1166 431 1248 pia
452 1166 587 1247 deplorat
607 1166 706 1241 tellus,
728 1167 776 1230 oui
799 1168 933 1230 Canonns
956 1175 1045 1248 utque

262 1269 422 1339 Faromcns
443 1276 501 1338 riri
523 1275 648 1338 eliciunt
668 1295 703 1338 ex
724 1283 846 1356 pectore
868 1278 967 1340 fletus.

261 1386 348 1448 Nunc
368 1387 457 1460 videt,
479 1393 512 1447 ut
529 1385 604 1466 justi
625 1386 705 1465 regis
728 1386 844 1448 coelum
866 1386 950 1448 ardet
970 1403 1089 1459 amore;

212 1503 248 1557 do
262 1495 356 1576 idque
378 1495 466 1558 etiam
488 1495 554 1576 ipse
577 1497 666 1558 docet
684 1495 774 1558 vultis
796 1496 912 1574 fulgore
934 1514 1105 1558 coruscans.

265 1606 349 1681 Quis,
371 1613 487 1668 vestros
508 1605 587 1668 inter
607 1605 717 1685 priscis
739 1605 890 1668 erroribus
913 1613 1008 1679 actos,

263 1716 405 1778 Crederet
425 1715 547 1778 Iliacum
567 1716 679 1777 versari
700 1715 817 1778 fflrnna
838 1715 870 1776 in
891 1714 951 1776 isto

262 1825 341 1887 Orbe
364 1825 452 1900 oculi,
476 1836 506 1886 et
526 1824 639 1886 sanctis
660 1824 793 1904 quintum
816 1843 884 1887 sese
906 1824 1016 1888 addere
1038 1824 1189 1888 dammis?

260 1934 347 1997 Nunc
368 1946 416 1997 sat
436 1933 553 1996 divinae
573 1933 688 2006 veniae,
711 1952 798 2014 quam
821 1951 943 1996 cernere
964 1937 1092 1998 mundus

210 2055 245 2110 tt
260 2043 326 2107 Non
346 2045 433 2118 valet,
453 2043 510 2106 iste
530 2042 620 2117 ridet,
642 2042 774 2104 barathri
794 2043 866 2105 licet
885 2043 952 2124 ipse
972 2045 1113 2124 profundi

260 2153 346 2216 Haud
369 2153 465 2216 oculis
484 2152 581 2233 possit
602 2151 734 2233 propriis
755 2153 938 2218 descendere
959 2153 991 2216 in
1012 2154 1082 2216 ima.

304 2263 411 2336 Qualis·
427 2282 482 2343 per
502 2261 634 2342 liquidos
657 2269 768 2326 tractus
790 2263 936 2342 spatiatur
956 2263 1060 2326 alauda

219 2391 223 2398 ’
259 2373 391 2436 Primum
412 2389 485 2434 voce
508 2389 626 2447 canens,
649 2391 684 2434 ac
704 2372 775 2436 dein
796 2380 935 2435 contenta
955 2372 1071 2435 silescit
1121 2399 1124 2404 ·

259 2484 429 2545 Extremum
449 2481 600 2545 modulata
621 2481 726 2555 melos,
750 2500 809 2561 quo
830 2482 965 2562 expletur
985 2483 1117 2546 abunde:

207 2601 244 2654 'to
261 2593 341 2656 l’alis
363 2595 461 2671 imago
483 2591 540 2654 luit
560 2591 634 2652 mibi
655 2591 728 2666 risa,
749 2593 897 2672 impressa
919 2585 1017 2671 sigillo

259 2703 380 2766 Aeterni
402 2703 500 2780 gaudi,
524 2701 623 2784 quod,¹
636 2710 726 2782 prout
746 2702 805 2764 lert
826 2702 916 2764 corde
938 2701 1043 2776 libido,

259 2814 355 2875 Omne
376 2812 448 2874 lacit
469 2811 556 2892 quale
577 2819 633 2874 est.
676 2812 715 2874 Et
736 2831 825 2892 quum
848 2812 962 2875 delirus
984 2821 1015 2876 et
1034 2831 1144 2896 anceps

257 2923 339 2985 Vltro
362 2939 459 2984 essem
482 2921 589 2984 similis
611 2921 752 2984 referenti
773 2929 855 2984 veste
877 2921 1019 2996 colorem,

258 3033 324 3106 Quo
347 3032 404 3094 luit
425 3033 579 3106 imbutum,
602 3049 663 3093 non
684 3031 805 3109 longaun
826 3038 873 3092 est
893 3049 984 3110 passa
1004 3041 1186 3109 morantem3

206 3155 241 3211 75
256 3142 350 3222 lique
372 3141 431 3204 sibi
452 3142 592 3223 propria:
616 3141 763 3213 Quidnam
784 3137 865 3200 boc‘?
886 3140 927 3200 mi
950 3140 1074 3203 extorsit
1094 3143 1131 3204 ab
1152 3160 1223 3219 ore3

258 3252 356 3326 Quare
377 3251 519 3314 laetitiam
539 3251 691 3329 ingentem
712 3249 825 3327 fulgore
848 3267 974 3312 corusco

256 3362 323 3424 Vidi
346 3362 551 3426 exsultantem.
594 3360 668 3422 Post
688 3359 763 3421 baec
783 3358 952 3422 venerabile
975 3359 1092 3439 signum

255 3471 433 3534 Luminibus
455 3469 550 3549 magis
572 3467 708 3532 accensis
728 3467 802 3530 mibi
824 3468 895 3531 talia
917 3469 1025 3544 reddit,

255 3581 369 3644 Nemo
391 3597 570 3661 suspensum
590 3587 660 3660 post
680 3577 755 3642 mira
777 3578 876 3642 audita
900 3585 1029 3659 teneret:

205 3699 240 3754 80
255 3691 291 3754 Ut
313 3691 392 3765 novi,
414 3699 533 3753 narrata
554 3688 628 3751 mibi
650 3698 681 3750 tu
705 3688 827 3750 credere
849 3688 971 3767 dignum

255 3801 330 3864 Esse
351 3808 448 3881 putas,
463 3799 541 3879 ¹quia
564 3807 657 3862 testor
679 3815 751 3877 ego;
774 3805 805 3860 at
825 3816 1006 3876 cognoscere
1028 3811 1165 3875 nonest,

257 3910 314 3984 Qui
336 3910 456 3991 possint
476 3907 552 3981 lieri,
574 3914 605 3970 et
627 3916 665 3982 te,
688 3909 714 3970 si
738 3915 806 3970 sunt
828 3908 948 3982 credita,
971 3908 1085 3972 fallunt.

255 4019 323 4082 Stes
344 4019 460 4082 bomini
481 4017 598 4092 similis,
622 4017 673 4098 qui
695 4037 758 4080 rem
780 4025 827 4079 snt
847 4018 968 4080 nomine
989 4019 1086 4093 novit3

256 4131 385 4193 Cernere
407 4129 524 4208 etipse
545 4128 658 4208 nequit,
681 4127 752 4208 quid
774 4127 822 4202 sit,
845 4127 877 4190 ni
898 4128 1194 4206 accesseritnuctor,

203 4259 237 4314 35
256 4238 314 4312 Qui
335 4239 451 4302 doceat.
493 4241 629 4318 Regnum
650 4237 803 4300 coelorum
817 4249 842 4298 'a
862 4236 983 4300 llamine
1005 4239 1116 4302 amoris

253 4348 319 4409 Vim
339 4350 458 4430 patitur,
480 4349 604 4429 vivaque
626 4366 643 4410 a
664 4364 728 4427 spe,
752 4347 800 4410 cui
821 4347 1055 4416 rictarolnntas

253 4459 358 4524 Divina
380 4459 564 4541 obsequitur,
585 4475 656 4532 non,
679 4466 711 4520 ut
732 4457 783 4538 qui
805 4458 911 4522 cedere
931 4457 1027 4525 rietus
