3234 5396
583 499 763 552 rusctrcnn
781 501 849 552 XXX.

213 718 258 781 Ad
279 725 399 798 porturn
418 717 522 798 jussos
544 717 627 780 claro
650 725 824 780 convertere
845 735 960 792 nerem,

182 829 251 890 dUt
272 828 344 890 iacit
364 827 414 888 hic
435 829 522 910 iupus,
545 827 626 890 stetit
648 835 736 907 atque
757 826 918 889 immobilis
939 827 1051 901 haesit;

215 937 300 999 Tunc
321 937 450 1018 populus
470 955 568 1010 verax,
591 935 641 1016 qui
663 937 777 1016 primus
798 949 923 1000 venerat
943 937 1022 998 inter

215 1047 366 1127 Gryphum
388 1047 524 1126 interque
545 1047 654 1125 ipsum,
677 1046 926 1124 circumspectare
946 1047 1128 1126 quadrigam,

214 1157 281 1218 Non
305 1175 392 1218 secus
415 1164 503 1236 atque
525 1174 610 1218 susm
630 1173 745 1235 pacem.
789 1155 835 1228 Et,
859 1173 914 1218 ceu
934 1157 1045 1218 missus
1067 1157 1103 1218 ab
1126 1157 1195 1230 alto,

215 1267 313 1329 Unus:
333 1265 461 1346 Sponsa,
484 1270 554 1328 oeni
574 1283 612 1328 eac
633 1259 765 1330 didono!
785 1273 832 1326 ter
853 1264 985 1327 tinurdus
1007 1285 1058 1328 ore

169 1385 199 1436 to
217 1376 382 1450 concinuit,
405 1383 545 1454 totusque
567 1376 678 1438 chorus
700 1376 829 1436 clamore
851 1373 992 1436 secundo.

259 1487 369 1559 Quales
392 1503 531 1565 supremo
554 1485 640 1548 exciti
662 1483 801 1562 clangore
822 1483 900 1546 beati

214 1596 340 1658 Carcere
363 1595 491 1676 quisque
513 1614 568 1657 suo
590 1601 712 1672 surgent
731 1601 936 1672 properanter,
959 1601 988 1655 et
1010 1601 1094 1656 artus

213 1707 309 1786 Atque
330 1706 438 1768 iteruur
459 1705 590 1766 indutam
611 1703 785 1767 relevabunt
805 1703 939 1782 pondere
962 1720 1098 1777 carnem,

214 1815 303 1878 Tales
325 1814 424 1876 divino
447 1813 478 1874 in
500 1831 590 1876 curru
610 1831 747 1876 arrexere
767 1812 896 1875 ministri

166 1933 197 1987 15
215 1925 339 1987 Centeui
360 1932 497 1986 aeternae
517 1941 587 1984 eum
608 1921 694 1984 turbe
714 1923 877 2002 interprete
899 1922 976 1986 vitre

212 2037 308 2097 Aures
330 2034 367 2096 ad
388 2048 491 2094 rocem
512 2033 585 2094 tanti
608 2032 752 2107 senioris;
775 2039 804 2094 et
825 2049 929 2094 omues

214 2143 395 2224 spargentes
417 2144 525 2204 tiores:
546 2143 733 2213 Benedictus,
754 2159 828 2204 voce
849 2139 1023 2206 tremebant.

217 2254 281 2327 Qui
300 2246 405 2314 oecis!
425 2252 567 2326 unanimi,
590 2260 637 2314 et:
659 2251 801 2314 Manibus
825 2251 893 2312 dote
915 2250 979 2314 lidio
996 2247 1118 2331 plenis!

257 2363 353 2442 Saepe
375 2362 489 2423 oriente
511 2361 559 2424 die
580 2369 704 2441 perteue
727 2379 802 2440 quae
823 2359 969 2440 prospicit
989 2360 1090 2433 ludos,

164 2483 198 2536 tc
213 2472 349 2551 Undique
370 2489 551 2552 purpuream
571 2471 640 2545 ridi,
662 2470 846 2551 pulchreque
868 2487 1017 2541 serenum,

215 2581 364 2662 Quidquid
387 2581 517 2644 restabat
537 2581 625 2656 coeli,
647 2588 735 2662 atquc
758 2599 792 2642 os
815 2579 888 2642 solis
911 2580 982 2641 oriri

213 2691 333 2753 Umbris
354 2691 557 2770 praecinctum
578 2691 632 2765 sic,
654 2698 694 2764 ut,
718 2690 792 2752 mihi
812 2690 901 2752 dante
923 2707 1065 2770 vaporum

214 2800 381 2881 Temperie',
403 2800 484 2862 hunc
504 2801 638 2880 perterre
659 2799 711 2863 diu
732 2819 798 2862 mea
818 2799 930 2862 lumina
950 2809 1083 2880 possent.

213 2910 264 2972 Sic
285 2911 363 2972 intre
385 2910 495 2973 nubem
516 2911 673 2974 salientum
695 2911 731 2974 ad
754 2911 853 2972 sidera
874 2912 990 2984 ilerum,

163 3027 196 3082 25
211 3020 353 3098 Angelice
375 3027 533 3100 spargente
554 3037 654 3094 manu,
676 3029 765 3100 atque
787 3021 894 3082 iterum
914 3020 995 3081 intus
1017 3028 1047 3082 et
1067 3027 1150 3082 extra

213 3129 386 3203 Labeatum,
410 3129 578 3209 praecincta
599 3128 665 3193 olea
686 3129 784 3191 retum
805 3146 897 3209 super
918 3128 1016 3190 aihum

212 3239 334 3301 Adstitit
354 3246 423 3301 ante
445 3238 549 3302 oculos
570 3239 694 3302 viridem
714 3239 863 3301 referente
885 3235 1015 3300 colorem

211 3347 245 3410 ln
267 3349 367 3410 tunica
389 3347 506 3411 mulier.
549 3349 610 3410 Sed
632 3366 708 3429 quse
730 3347 895 3410 consistere
917 3354 999 3408 sueta

211 3458 295 3520 diens
317 3458 400 3532 mihi,
422 3466 542 3538 temque
564 3459 616 3522 diu
637 3475 792 3539 praesens,
814 3456 884 3521 dum
905 3457 985 3518 hanc
1006 3475 1129 3518 cernere
1151 3475 1251 3520 coram

163 3575 195 3627 so
212 3567 348 3644 Contigit,
371 3567 450 3632 haud
472 3568 534 3630 uilo
555 3568 722 3648 trepidabat
742 3568 836 3628 tracta
858 3573 997 3647 stupore3

210 3679 355 3740 Virtutem
376 3685 508 3758 propter,
532 3697 607 3758 quae
628 3676 745 3740 counita
767 3677 865 3738 cubat
885 3675 922 3738 ab
945 3676 1011 3749 ista,

211 3788 296 3850 ilicet
316 3787 430 3867 antiqui
450 3789 510 3850 viru
531 3805 668 3867 magnam
690 3787 785 3850 sensit
805 3787 925 3850 amoris.

210 3899 275 3960 nto
298 3897 386 3959 simui
408 3897 501 3960 virtus
523 3898 672 3977 percussit
693 3897 804 3960 lumina
825 3897 917 3972 visus,

211 4007 340 4070 Vulnere
362 4025 438 4088 quae
459 4017 565 4087 pectus
586 4007 660 4069 mibi
678 4007 739 4088 jam
762 4007 931 4078 confixerat,
954 4013 1037 4068 ante-

162 4127 194 4182 35
212 4091 308 4190 Quam
329 4117 428 4196 primo
448 4135 497 4178 me
519 4118 594 4179 ilore
615 4117 758 4180 excedere
775 4117 901 4196 jusserit
922 4123 1022 4188 aetas;

212 4225 278 4300 Quo
300 4245 376 4306 puer
398 4226 434 4288 ad
457 4234 581 4288 matrem
601 4225 684 4290 vultu
705 4226 859 4289 contendit
880 4223 1032 4297 anhelans,

210 4337 243 4398 Si
265 4335 334 4417 quis
355 4337 433 4399 torte
454 4337 545 4398 timor
566 4335 717 4398 subitasse
739 4336 901 4398 accesserit
921 4352 1037 4413 aegros,

208 4445 322 4509 Annus
343 4447 380 4509 ad
402 4446 515 4510 laesam
537 4465 585 4510 uro
605 4446 688 4520 verti,
709 4445 785 4510 haec
806 4445 895 4508 rerba
916 4451 1038 4524 paratrrs

1059 595 1323 606 nn———--——-
