3236 5394
600 583 793 636 romanorun
812 587 848 635 11.

174 802 285 868 751133
306 802 389 883 ipsas
410 799 518 865 vexati
539 837 581 848 --
603 803 687 864 Tunc
709 803 735 864 13
756 803 831 865 mibi
854 803 923 865 talia
944 804 1056 868 reddit:

227 913 285 975 Cur
305 924 436 993 3333133χ
444 913 566 975 solitum
588 913 697 976 deliras
718 921 840 993 pectore
862 911 950 976 toto?

224 1022 389 1102 blensquo
413 1019 509 1084 abiit?
530 1023 615 1084 Num·
628 1030 657 1083 13
680 1023 816 1101 lugiunt,
835 1031 885 1085 tua
908 1042 983 1104 quae
1005 1026 1102 1088 ethica
1125 1035 1239 1098 tractat,

225 1131 396 1211 Verbaque,
418 1131 591 1210 ubi·signat
611 1132 718 1212 triplex
741 1151 835 1211 genus
857 1133 1054 1211 ingeniorum,
1341 1109 1343 1119 ¹

226 1242 310 1314 Quae
334 1241 450 1304 coelum
473 1241 552 1304 haud
573 1241 701 1322 patirur:
725 1242 901 1304 suadentum
925 1242 1099 1317 inhoneste,
1121 1253 1258 1308 33331333

80 1427 81 1432 ¹
173 1360 208 1414 80
224 1351 259 1410 ln
280 1351 425 1412 Venerem
447 1361 498 1414 aut
520 1353 550 1413 io
574 1352 752 1432 nequitiam,
775 1353 971 1431 insanumque
994 1355 1123 1415 iurarem

224 1460 305 1522 11333
327 1458 431 1522 ierac?
453 1462 548 1542 thue
570 1462 632 1524 Ilec
655 1461 754 1524 minus
776 1471 822 1524 331
843 1461 957 1542 injuria·
974 1481 1120 1543 praeceps

103 1586 105 1588 ·
224 1571 258 1632 ln
279 1570 424 1634 Venerem
446 1570 561 1645 rabies,
585 1571 717 1652 speciem
740 1572 926 1652 acquiritque
948 1572 1094 1635 minorem

226 1678 411 1761 opprobrii?
432 1681 484 1744 1113
507 1681 562 1742 tibi
584 1681 610 1742 si
633 1683 736 1744 haeret
757 1683 919 1755 sententia,
943 1690 973 1744 31
993 1682 1073 1744 illam

225 1790 257 1851 Si
277 1791 355 1852 bene
376 1791 556 1871 perpendis,
579 1792 705 1854 memori
728 1793 805 1853 3131
828 1799 927 1854 monte
949 1811 1099 1866 recenses,

173 1908 207 1963 85
224 1900 406 1980 Respondit,
430 1902 480 1981 qui
503 1901 564 1963 sint
586 1911 668 1964 extra
690 1902 793 1964 urbem
816 1901 932 1965 solvere
951 1903 1030 1983 jussi

223 2010 355 2084 Poenas,
378 2020 442 2072 tum
461 2012 538 2074 bene
561 2029 740 2090 cognosces,
764 2031 840 2091 qnae
863 2022 981 2092 separet
1004 2013 1071 2075 illas

225 2120 335 2182 Caussa
358 2138 446 2199 grege
469 2139 485 2182 a
507 2140 597 2201 pravo
620 2121 761 2196 istorum,
785 2129 815 2184 31
836 2141 889 2182 333
910 2121 1007 2183 133133
1028 2121 1108 2184 illam

223 2230 380 2292 Excrueiet
401 2240 518 2308 gentem
537 2231 629 2312 judex
649 2239 790 2310 regnator
811 2230 938 2311 Olympi.

267 2340 292 2402 0
315 2341 375 2414 sol,
399 2340 449 2420 qni
471 2341 608 2402 morbum
630 2341 739 2402 turbati
761 2340 883 2402 luminis
906 2359 1022 2402 omnem

176 2453 208 2506 113
226 2451 336 2524 Senes,
359 2450 404 2512 313
426 2451 556 2512 animum
579 2451 710 2530 comple,
733 2451 868 2531 quaesita
890 2451 1053 2524 resolvens,

225 2561 261 2622 Ut
282 2560 356 2621 mihi
378 2579 438 2622 non
461 2579 549 2622 secus
571 2562 738 2640 ambigere,
761 2579 796 2622 ac
818 2561 995 2640 dignoscere
1017 2580 1073 2642 per
1093 2579 1141 2622 me

225 2671 271 2733 Sit
291 2672 408 2752 volupe.
451 2673 489 2733 Aa
510 2681 589 2732 33133
614 2689 731 2752 quoque
754 2679 883 2758 nuncste
905 2679 985 2732 verte
1006 2689 1175 2752 parumper,

223 2781 304 2856 Dixi,
328 2781 556 2856 discredens,
581 2781 631 2842 ubi
654 2781 731 2844 dicis
754 2783 859 2844 foenus
882 2800 1014 2844 amorem
1103 2795 1107 2804 ’

222 2891 356 2953 Laedere
379 2891 525 2966 divinum,
549 2893 719 2973 nodumque
741 2893 867 2954 resolve.
910 2893 1002 2954 Poeta

174 3017 206 3070 95
224 3001 289 3064 Sic:
313 3003 520 3064 Attendentom
544 3002 668 3082 sophiae
692 3002 827 3064 doctrina
850 3002 971 3064 docebit

221 3112 340 3174 Passim
362 3131 378 3173 a
401 3119 500 3174 mente
522 3131 608 3172 suum
629 3120 763 3174 naturam
786 3112 895 3174 ducere
918 3129 1036 3173 cursum

222 3221 347 3296 Divina,
369 3229 432 3284 tum
455 3229 485 3282 et
507 3221 543 3283 ab
566 3230 628 3284 arte
651 3241 715 3284 333.
757 3223 838 3284 Β333
861 3222 946 3301 sique
969 3221 1097 3293 notabis,
1185 3251 1195 3266 ι

224 3331 308 3405 Quae
329 3331 385 3392 tibi
406 3331 576 3394 Aristotelis
597 3332 730 3413 physicis
754 3332 923 3403 traduntur,
946 3331 1054 3392 eliste

223 3441 256 3505 Si
276 3443 354 3503 bene
375 3441 558 3521 perspicias,
581 3441 690 3504 multas
713 3440 846 3503 evolvere
868 3441 986 3514 chartas

161 3571 206 3623 lod
222 3551 289 3614 Non
311 3550 382 3624 erit,
406 3551 613 3632 inveniesque,
637 3569 741 3613 omncs
763 3551 944 3612 contendere
965 3549 1044 3610 vires

222 3663 357 3724 Vestram
381 3670 488 3734 artem,
513 3671 545 3724 31
566 3681 633 3724 3333
656 3670 778 3724 naturae
801 3661 1022 3733 accommodet,
1046 3659 1126 3720 illam

223 3772 323 3852 Usque
346 3772 446 3853 sequi,
469 3793 485 3833 3
508 3781 608 3833 331333
629 3783 661 3833 31
682 3772 827 3834 discentis
850 3791 920 3832 cura
943 3769 1084 3848 magistro

222 3883 380 3962 Nunquam
403 3882 576 3961 digreditur.
621 3883 719 3956 Quare
742 3890 789 3944 est
810 3901 859 3944 ars
881 3893 978 3942 vestra
1001 3879 1131 3960 putanda

223 3993 321 4055 Paene
344 3993 396 4054 liei
420 3992 529 4073 neptis.
572 3992 666 4053 Porro
688 4011 743 4072 por
763 4004 918 4072 utramque
939 3969 1064 4053 necesse
1086 4002 1133 4052 est

162 4107 205 4162 115
223 4104 334 4183 (Usque
356 4122 373 4164 a
395 4101 546 4182 principio
570 4102 699 4164 Genesin
721 4103 746 4163 si
770 4110 868 4191 mente
890 4100 1039 4178 revolvis),

222 4214 333 4274 Aevum
356 4231 443 4291 agere
466 4220 555 4292 atque
577 4212 684 4292 opibus
706 4224 834 4274 vestram
858 4211 1006 4274 ditescere
1028 4220 1155 4287 gentem.

221 4321 259 4383 Et
281 4322 349 4403 quia
373 4323 424 4402 qui
448 4323 557 4384 crescit
578 4322 687 4403 positis
709 4322 739 4383 in
763 4323 885 4384 foenere
908 4320 1046 4394 nummis,

221 4432 376 4494 Diversum
399 4433 521 4494 molitus
544 4433 616 4506 iter,
639 4441 831 4513 praepostera
855 4438 964 4512 captat,

222 4542 279 4602 Per
301 4561 333 4604 se
356 4550 493 4604 naturam
515 4543 643 4624 spernit,
666 4561 779 4623 perque
802 4543 866 4624 ejus
888 4542 1046 4611 alumnam,
