3234 5396
92 421 744 708 Γ-νωωιςι
764 479 792 528 3.
1206 479 1268 542 273

712 763 756 843 ll.

250 918 321 991 Vos,
345 925 408 979 rete
431 915 482 996 qui
504 915 578 977 vecti
601 933 690 996 parva
712 915 844 987 33313113,
866 927 986 976 aventes

204 1027 326 1103 Audire,
349 1046 445 1106 usque
467 1045 563 1088 meam
585 1025 690 1087 3331311
712 1043 792 1104 pone
815 1024 955 1097 carinam,

202 1139 285 1212 Quae
307 1157 389 1199 mare
411 1136 557 1200 cantanda
578 1134 678 1207 verrit,
698 1133 760 1216 jam
783 1135 883 1196 littura
903 1143 1002 1198 restra

201 1247 362 1326 Respicite,
385 1255 415 1307 et
434 1246 558 1326 pelagus
581 1245 716 1308 neultra
739 1253 850 1306 tentate
872 1246 1070 1323 protundum

170 1358 276 1423 eNam
297 1375 362 1429 ves,
384 1373 432 1416 me
454 1355 574 1428 emisso,
597 1355 663 1416 1333
685 1353 770 1416 devie
791 1356 869 1415 forte
890 1355 999 1434 petetis

202 1467 354 1528 Errantes.
397 1465 501 1536 Nemo,
526 1463 605 1544 qued
628 1465 772 1526 arandum
794 1464 978 1544 prendimus,
1002 1485 1115 1545 aequor

202 1575 338 1655 Unquam
361 1574 519 1654 percurrit.
563 1573 698 1635 Tritonia
720 1573 790 1635 11133
812 1573 909 1636 labari

202 1685 343 1765 Adspirat
364 1695 478 1754 333133,
501 1701 558 1744 333
581 1683 684 1744 dexter
705 1683 788 1745 dueit
808 1684 924 1764 Apollo,

201 1797 299 1876 Atque
320 1813 427 1856 novem
448 1794 550 1856 Musae
573 1802 741 1855 monstrant
761 1793 962 1856 Erimantidas
986 1813 1080 1857 ursas.

157 1910 186 1962 1⁰
245 1903 347 1977 Pauci,
369 1913 484 1966 mature
507 1902 558 1982 qui
580 1901 798 1983 prospectestis
819 1903 937 1966 hiantes

203 2013 378 2092 Angelicum
400 2031 518 2094 panem,
541 2031 600 2092 quo
623 2011 682 2074 vita
702 2013 752 2075 hie
774 2012 889 2087 vivitur,
912 2021 943 2076 at
966 2031 1026 2076 non

203 2125 377 2186 Ensaturata
401 2130 509 2196 manet,
532 2121 682 2184 dimittere
704 2123 783 2183 33133
805 2141 861 2202 per
881 2123 939 2184 3113

204 2233 359 2312 Navigium
380 2233 467 2294 vobis
488 2233 560 2295 lieet
582 2233 809 2294 observantibus
833 2233 951 2305 undam,

207 2343 304 2416 Quem
326 2343 419 2417 sulen,
441 2343 526 2422 prius
549 2341 681 2421 aequalis
705 2361 794 2422 quam
816 2351 908 2404 strate
929 2343 1052 2404 residat.

158 2463 189 2516 13
206 2454 399 2514 Ρ3333133133
421 2453 472 2524 1111,
497 2452 547 2532 qui
570 2451 706 2514 adierunt
728 2451 867 2514 Colchica
888 2471 988 2530 regne,

208 2563 397 2642 Obstupuere
419 2562 517 2624 minus
539 2570 619 2636 tune,
642 2579 733 2641 quum
755 2562 857 2624 videre
877 2561 1039 2624 bubulcum

206 2673 388 2734 Aesomdem
410 2673 530 2746 tartum,
552 2689 639 2752 quem
661 2690 724 2745 vos,
746 2689 813 2734 mea
834 2671 900 2733 vela
922 2645 1028 2734 333311.Ι

207 2782 342 2860 Ingenita
364 2791 395 2844 et
412 2782 493 2863 jugis
516 2781 582 2843 31113
605 2782 646 2856 13,
669 2783 748 2861 quod
771 2781 900 2860 imagine
922 2783 1000 2844 ridet

206 2891 321 2965 Divina,
344 2909 467 2969 regnum
488 2891 579 2954 331331
601 2909 657 2952 333
679 2891 789 2971 impete
812 2892 927 2970 agebat,

157 3010 191 3062 tt)
206 3001 313 3064 Ferme
334 3019 395 3080 quo
418 3000 572 3080 adspicitis
595 3002 720 3063 metum.
765 3002 908 3081 Spectans
930 3001 1060 3062 Burnmr

207 3112 343 3184 Sursum,
365 3119 396 3172 et
416 3127 471 3189 ego
494 3111 582 3172 hanc.
624 3111 700 3171 Tam
722 3111 799 3170 sorte
821 3110 880 3182 din,
903 3109 974 3170 dum
997 3117 1095 3172 333331
1116 3111 1242 3185 arunde,

207 3221 244 3282 Et
265 3221 344 3283 velat
365 3229 453 3300 etque
474 3220 551 3298 fugit
572 3220 734 3281 resolutam
755 3219 849 3280 libere
872 3219 1022 3291 chordam,

207 3331 296 3393 Sensi
319 3332 443 3404 deletus,
466 3349 526 3410 que
548 3349 596 3392 me
618 3325 765 3389 divertere
787 3328 881 3389 suasit

207 3441 267 3502 Res
290 3441 365 3502 mira
386 3441 422 3502 ad
445 3459 478 3502 se
502 3438 606 3502 oeulis.
650 3439 704 3500 1113
725 3447 831 3511 autem,
857 3455 945 3517 quem
967 3438 1026 3500 ulla
1049 3437 1191 3518 nequibat

159 3564 191 3617 25
209 3551 285 3612 Cura
306 3549 397 3611 latere
418 3549 478 3610 mei
499 3549 608 3621 cerdis,
633 3548 778 3611 convertit
798 3556 954 3627 utramque

207 3659 252 3720 Ad
274 3677 322 3720 me
344 3659 438 3720 aciem
459 3659 572 3738 periter
592 3658 679 3731 laete,
701 3669 734 3721 ut
755 3657 954 3739 pulcherrima
978 3657 1088 3720 terme:

207 3769 306 3832 Mente
328 3770 431 3843 Deum,
454 3769 536 3841 dixit,
558 3769 635 3831 bene
659 3777 739 3848 grata
761 3767 890 3848 suspice,
913 3768 1042 3847 quinos

207 3880 325 3940 Primae
349 3879 501 3959 conjunxit
523 3878 636 3940 stellae.
680 3878 753 3939 Mihi
774 3877 872 3939 lueida
893 3879 956 3938 visa
978 3885 1025 3938 est
1076 3945 1079 3952 ,

208 3991 249 4051 Ae
271 3989 365 4050 densa
387 4005 423 4050 ae
444 3989 541 4051 solida
562 4007 598 4050 ae
619 3989 714 4050 nitido
737 3997 819 4048 stans
843 4005 967 4067 carpere
989 3987 1084 4048 nubes

158 4105 192 4157 ³0
208 4099 270 4160 Nos
293 4107 401 4174 tegere,
424 4099 502 4161 haud
524 4117 612 4160 secus
634 4110 724 4178 etque
746 4097 866 4160 adamas
888 4096 961 4158 selis
980 4097 1086 4177 jubare
1108 4098 1197 4162 ictus.

208 4209 364 4288 Ingressus
387 4209 468 4270 intus
490 4226 546 4270 nos
567 4208 659 4270 bacea
681 4217 802 4270 aeterna
824 4208 947 4287 recepit,

208 4319 247 4382 Ut
269 4319 377 4399 recipit
397 4319 494 4380 lucem
517 4317 643 4380 fluvialis
666 4326 745 4396 gutte
767 4319 941 4378 cohaerens.

208 4431 326 4492 Situm
349 4447 458 4508 corpus
481 4447 571 4502 erent,
595 4428 621 4490 si
644 4445 704 4489 333
725 4428 940 4508 comprendere
961 4435 1060 4490 mente
1082 4437 1137 4501 331,

1108 4530 1138 4582 te
1150 4527 1165 4561 *

503 4633 705 4640 W
709 4628 1210 4637 —ffi-—mffl—
