3214 5400
344 565 404 632 124
764 513 1517 760 rossanoronT——p

407 789 501 850 Aures
524 787 677 865 depastum
699 787 769 860 fuit,
792 787 870 850 haud
892 788 989 851 minus
1012 809 1107 870 usqne
1129 791 1269 856 deorsum

407 898 515 960 Defixis
538 895 646 968 oculis,
671 897 756 958 dixit:
781 897 839 958 Cur
860 905 939 960 tante
961 899 1068 977 cupido

356 1016 389 1070 bs
408 1008 458 1072 Sie
481 1025 534 1068 nos
557 1002 725 1068 lustrandi?
748 1006 779 1068 Si
802 1007 875 1068 istos
898 1015 929 1070 tu
952 1007 1029 1070 seire
1051 1009 1178 1083 laboras,

406 1117 572 1178 Possedere
595 1115 681 1184 ambo
703 1115 825 1187 vellem,
848 1117 1003 1196 Byzantius
1026 1119 1121 1180 amnis

406 1227 489 1289 Unde
511 1226 592 1288 ilnit:
615 1231 698 1304 pater
719 1224 766 1286 bis
787 1225 964 1300 Aenearnsa
987 1235 1016 1290 et
1037 1229 1123 1290 unica
1145 1237 1237 1290 mater

406 1338 476 1416 lpso
497 1343 600 1397 ventre
622 1341 702 1396 satos
726 1335 756 1396 in
777 1334 898 1398 luminis
921 1337 1013 1398 edidit
1034 1355 1130 1400 ouras.

405 1447 555 1522 vestigare
577 1451 663 1524 potes
685 1445 774 1506 totius
796 1445 888 1508 lustra
911 1446 1029 1520 Crinas,

355 1569 389 1622 60
406 1555 471 1617 Non
494 1563 591 1616 tamen
613 1554 745 1616 invenies
770 1553 864 1634 culpis
888 1555 1054 1632 insignibus
1077 1564 1191 1618 anetm

408 1665 545 1728 Umbram
565 1681 732 1726 marmoreo
754 1681 838 1742 mage
861 1665 978 1741 dignam
1000 1666 1030 1727 in
1053 1666 1162 1742 frigore
1184 1667 1252 1745 tigi3

404 1776 472 1838 Non
493 1773 587 1847 illam,
610 1791 715 1835 manns
736 1775 864 1836 Anrnors
886 1775 935 1838 oni
955 1784 1060 1853 peetus
1083 1784 1112 1838 et
1133 1775 1266 1840 umbram

405 1885 470 1946 Uno
492 1884 552 1944 iotn
574 1883 662 1961 rupit.
706 1881 771 1945 Non
793 1883 841 1946 his
862 1884 1048 1958 Prosocero,
1071 1905 1131 1946 non
1153 1873 1216 1947 his'

406 1995 465 2056 Iste
488 2000 534 2054 est
554 1992 697 2064 deterior,
721 1993 810 2054 modo
834 1994 884 2072 qni
906 2013 953 2056 me
976 1995 1020 2056 sie
1043 1995 1137 2075 eapite
1160 1995 1283 2068 umbrat,

355 2110 389 2164 bb
407 2103 535 2166 Cernere
557 2110 590 2164 ut
610 2101 734 2164 ulterius
756 2121 915 2182 nequeam
940 2123 1027 2183 quem
1049 2107 1168 2168 nomine
1191 2105 1292 2168 dicunt

406 2215 544 2276 Sisenna
565 2213 770 2274 Misenenonr.
814 2213 847 2275 Si
871 2232 903 2275 es
926 2215 1046 2292 sanguis
1068 2215 1234 2286 hetruscus,

406 2323 451 2385 Tu
473 2340 592 2402 quoque
615 2322 682 2402 quis
705 2323 794 2384 suerit
812 2323 874 2404 jam
896 2324 966 2384 seis.
1009 2324 1047 2386 Et
1067 2324 1158 2386 multa
1179 2323 1290 2403 profari

404 2433 448 2494 Ne
470 2451 517 2494 rne
540 2433 753 2508 tonsorios,
777 2448 832 2508 ego
855 2451 935 2505 sum,
958 2434 1068 2513 inquit,
1092 2435 1293 2496 Cannrsronns

405 2543 447 2604 De
468 2542 575 2603 Przzrs
599 2549 641 2615 et,
665 2543 715 2620 qni
733 2549 840 2621 purget
860 2562 927 2606 mea
948 2543 1043 2623 turpia
1065 2545 1148 2617 iacta,

356 2654 557 2716 incinerans
579 2669 695 2713 maneo.
717 2685 758 2696 -
780 2652 854 2714 Dein
876 2652 935 2714 vidi
957 2653 1037 2716 mille
1059 2654 1181 2716 caninos

406 2763 529 2840 Frigore
552 2762 701 2854 deiorrnes
722 2761 831 2824 vultus.
877 2764 975 2835 Quare
996 2764 1106 2826 horreo
1128 2772 1217 2836 totus,

406 2873 531 2952 Semper
552 2879 581 2932 et
601 2870 746 2944 horrebo,
769 2872 864 2948 gelida
889 2873 960 2935 vada
982 2891 1068 2935 saxea
1090 2881 1188 2936 crusta

407 2983 480 3045 Cum
501 2980 630 3059 relegam
651 2989 760 3043 mente.
803 2984 840 3043 st
861 2981 1006 3055 medinm,
1030 3002 1089 3062 qno
1113 2991 1217 3046 cuncto
1238 2985 1402 3056 trahemur,

406 3092 499 3166 Qneis
522 3090 632 3170 aliquid
655 3091 804 3166 gravitatis
827 3091 919 3163 inest,
942 3093 1012 3154 dnm
1032 3093 1132 3172 planta
1153 3093 1279 3172 petebat,

355 3205 387 3260 td
404 3202 441 3263 Et
462 3201 535 3262 mihi
556 3202 586 3261 in
608 3208 728 3262 aeterno
750 3200 936 3279 trepidabant
958 3202 1066 3278 frigore
1088 3203 1234 3277 membra3

404 3311 448 3373 dn
471 3330 555 3373 mens
578 3311 622 3372 sio
643 3309 757 3374 tulerit.
781 3329 834 3372 seu
857 3311 948 3373 iatum
970 3329 1087 3385 sorsve,
1110 3313 1222 3374 referre

404 3421 573 3493 Nescirenr3
596 3421 665 3493 sed,
688 3421 758 3482 dnm
782 3421 910 3499 capitum
932 3421 1009 3482 inter
1030 3428 1118 3483 strata
1140 3422 1295 3485 monebam

405 3530 538 3602 Plantas,
561 3529 716 3610 enjusdam
737 3528 848 3596 offendi
870 3530 947 3608 pede
969 3530 1084 3592 fortiter
1106 3551 1167 3592 ora.

405 3640 459 3702 lile
481 3641 558 3702 hane
579 3657 627 3699 me
649 3645 752 3700 eontra
774 3640 850 3700 dens
872 3656 975 3702 vooem
997 3648 1119 3719 pectore
1140 3641 1235 3720 rupit:

354 3759 388 3812 8⁰
406 3750 503 3823 Quare
524 3767 572 3810 me
594 3745 718 3809 tundis?
740 3749 804 3810 Nisi
826 3748 947 3810 multam
968 3749 1190 3815 Monrrsrrnnrr

405 3860 532 3921 Advenis
555 3865 710 3930 aucturus,
735 3858 805 3937 quid
827 3877 889 3932 me,
913 3859 1040 3933 furiose,
1063 3858 1211 3922 lacessis?

448 3970 543 4048 Atque
566 3985 636 4046 ego:
659 3969 717 4029 Fac
738 3987 858 4031 maneas
881 3969 929 4030 hio
951 3988 1013 4041 me,
1036 3977 1228 4056 praereptor,
1251 3970 1287 4032 ab
1310 3969 1369 4032 isto

406 4079 482 4140 Dum
502 4077 574 4141 mihi
596 4077 758 4151 solvantur,
783 4077 871 4140 dubia
894 4097 969 4158 qnae
991 4088 1088 4141 mente
1110 4079 1244 4152 revolo03

386 4189 443 4260 ¹lit
462 4206 511 4250 me
532 4205 586 4267 pro
609 4187 729 4250 arbitrio
751 4188 876 4267 posthae
897 4207 1057 4268 properare
1076 4189 1207 4268 jubebis.

355 4307 388 4360 85
445 4298 511 4359 Dux
533 4298 627 4372 stetit3
650 4305 738 4378 atque
761 4314 816 4374 ego
839 4298 935 4360 adhue
957 4298 1030 4362 dure
1052 4300 1206 4362 maledieta
1228 4301 1358 4362 vomenti

406 4407 483 4470 Dixi:
509 4406 583 4480 Quis
605 4415 649 4481 tu,
673 4408 748 4470 alios
771 4407 863 4470 audax
884 4407 1035 4472 incessere
1056 4407 1198 4489 probris?

447 4515 556 4596 Eeqnis
579 4535 626 4591 es,
650 4537 684 4591 o,
708 4518 758 4598 qui
780 4517 862 4592 aliis,
887 4537 961 4597 quos
983 4519 1058 4582 haee
1079 4520 1237 4582 Aaronom
1260 4518 1376 4591 clandit,
