3362 5414
290 541 358 585 thv
827 519 1002 573 intentato.

290 706 342 804 pis
364 705 602 804 descriptarum
622 707 708 780 ultro
733 704 897 797 turbaret,
919 703 1001 776 neve
1024 703 1095 801 ipsa
1119 704 1263 778 auctoris
1286 703 1384 777 verba
1413 706 1529 779 oculos
1660 706 1661 730 ¹

291 824 485 922 cujusquam
505 825 670 922 lugerent,
692 824 758 897 huc
779 822 919 920 relegari
934 821 1238 928 commodissimum
1256 822 1529 921 aptissimumque

290 941 485 1040 putarimus.

392 1060 489 1134 Prior
520 1058 799 1133 adnotatiuncula·
812 1057 953 1131 habetur
977 1055 1093 1131 Parad.
1118 1057 1160 1150 ll,
1180 1082 1210 1130 v.
1239 1058 1307 1150 tu,
1329 1057 1386 1132 ubi
1409 1058 1444 1130 in
1469 1083 1526 1132 au·

292 1178 521 1252 tenedentibus
544 1201 651 1250 sermo
675 1186 727 1250 est
752 1177 794 1250 de
817 1175 952 1248 Dante
976 1175 1011 1250 in
1034 1199 1154 1274 corpus
1179 1177 1279 1272 lunae
1301 1175 1466 1272 ingresso,

406 1359 409 1366 .
525 1312 563 1375 Ut
582 1309 690 1391 recipit
708 1309 805 1372 lucem
826 1310 954 1372 fluvialis
976 1317 1057 1389 gutta
1079 1311 1253 1383 cohaerens,

292 1440 325 1503 et
350 1430 467 1504 deinde
491 1429 532 1503 de
555 1438 692 1502 naturae
714 1427 842 1500 divinae
874 1451 949 1501 cum
974 1428 1118 1501 humana
1147 1427 1398 1523 conjunctione,
1428 1453 1527 1526 quam
1661 1427 1662 1434 ’

288 1547 393 1621 multo
422 1547 546 1645 majore
576 1545 800 1644 (ardentiore)
831 1546 1047 1619 admiratione
1080 1546 1203 1620 habere
1229 1545 1363 1644 diguam
1389 1547 1518 1620 deceat:

440 1715 484 1726 -
503 1715 546 1728 -
565 1713 609 1728 ·-
629 1679 722 1742 multo
745 1679 841 1742 acrius
863 1689 945 1743 esset

440 1782 611 1845 tlrdendnm
633 1780 721 1843 nobis
742 1781 880 1843 mirarier
899 1780 980 1843 illius
1002 1799 1077 1857 ease,

445 1883 503 1958 Qui
525 1883 583 1946 sihi
606 1882 760 1965 conjunxit
780 1891 915 1945 naturam
936 1881 1126 1961 hominisque
1147 1882 1275 1970 lleique.¹
1327 1909 1330 1918 ·

366 2018 613 2091 commentatus
635 2028 687 2091 est
708 2018 858 2090 Piazza
879 2041 975 2090 usum
997 2016 1149 2100 infinitivi
1164 2041 1259 2091 esse
1283 2017 1386 2090 hoece
1407 2016 1525 2090 modo:

438 2134 542 2209 Esse
565 2160 625 2233 pro
654 2137 800 2210 essentia
832 2138 946 2233 (qnam
968 2135 1074 2233 ipsam
1103 2136 1236 2233 quidem
1256 2160 1370 2209 rocem
1394 2135 1528 2208 Latium

440 2255 594 2349 ignorare
615 2277 682 2327 non
700 2255 835 2351 ignoro)
862 2263 1040 2326 suntme.
1070 2253 1137 2327 cte.
1154 2254 1286 2364 Lucret
1300 2254 1355 2348 lV,
1373 2255 1447 2347 99,
1468 2254 1527 2326 ubi

442 2371 483 2444 de
508 2371 668 2468 speculis:
699 2447 708 2464 ,
1372 2373 1376 2382 ’

489 2505 564 2570 Esse
584 2506 614 2569 in
636 2504 815 2586 imaginibus
835 2505 936 2568 missis
957 2505 1124 2570 consistere
1146 2525 1259 2570 eornm.

289 2612 380 2713 ldem
404 2651 502 2741 poeta
527 2639 628 2713 hahet
652 2641 901 2715 meminisse
926 2665 986 2738 pro
1012 2641 1170 2714 memorio
1195 2642 1216 2714 l.
1242 2639 1298 2734 lv,
1323 2665 1352 2714 v.
1379 2641 1472 2717 769:

414 2775 573 2840 Praeterea
593 2775 812 2848 meminisse
829 2773 910 2856 jacet
929 2775 1107 2856 languetque
1128 2795 1238 2856 soporo
1255 2783 1312 2838 etc.
1432 2836 1439 2844 .

388 2910 533 2985 Alteram
550 2910 810 3003 adnotationum,
828 2909 868 2984 de
890 2909 1010 3008 quibus
1033 2935 1132 3008 supra
1154 2911 1307 3005 diximus,
1327 2910 1526 3008 adscriptam
1607 2975 1616 3006 ,
1663 2985 1664 2996 ,

288 3028 430 3102 vidimus
455 3025 571 3102 Pnracl.
597 3025 680 3122 xvi,
703 3030 770 3102 84:
1213 3132 1216 3142 Α

438 3164 478 3226 Et
498 3181 607 3242 genere
628 3164 750 3243 antiquo
772 3163 882 3226 multos
902 3162 1070 3246 opibusque
1091 3171 1239 3244 potentes.

388 3297 437 3372 lbi
464 3298 504 3373 de
525 3298 767 3398 praetermissis
796 3299 831 3372 in
856 3299 1013 3372 vertendo
1035 3299 1203 3402 nonnullis
1229 3295 1418 3372 nominibus
1447 3323 1525 3395 pro-

287 3417 370 3514 priis
397 3419 443 3491 ita
473 3441 510 3490 sc
536 3428 670 3490 excusat
694 3417 830 3492 Praese:
872 3417 976 3492 0misi
1007 3418 1121 3491 hicet
1148 3418 1234 3491 iulrn
1268 3419 1363 3516 plura
1390 3419 1527 3492 nomina

288 3536 373 3608 male
400 3537 435 3608 in
458 3534 575 3608 Latino
599 3537 770 3630 sonantia,
803 3561 846 3607 ne
879 3536 1025 3608 taedium
1054 3546 1222 3609 crearetur
1247 3537 1423 3634 peregrina
1454 3545 1527 3610 tau·

287 3677 389 3750 quam
406 3652 577 3725 barbarica
601 3653 856 3728 fastidientibus
895 3653 1018 3727 Omissi
1044 3664 1122 3728 sunt
1142 3655 1246 3751 igitur
1262 3655 1526 3748 Saldanieri‚

285 3770 518 3866 Ardinghi,
558 3771 771 3862 Bostichi3
813 3772 910 3868 paulo
944 3772 1030 3847 inlra
1059 3763 1298 3874 Sacchetjti,
1331 3773 1526 3866 Giuochi‚

289 3887 467 3981 silenti,
493 3889 690 3983 Barucci‚
714 3888 918 3983 (lallncci,
947 3891 1196 3987 Arrigucci3
1224 3894 1304 3966 item
1329 3917 1398 3966 non
1419 3893 1526 3966 multo

287 4015 364 4107 post
388 4007 684 4103 Caponsacco,
716 4007 950 4106 lnlangati.
1016 4009 1106 4106 Nihil
1133 4012 1228 4084 enim
1262 4011 1416 4108 impedit,
1457 4035 1527 4108 quo

287 4124 399 4200 minus
426 4124 516 4198 haec'
537 4125 647 4198 omnia
677 4126 796 4201 absint.
986 4199 991 4212 ,

390 4242 563 4318 Caeterum
580 4268 708 4318 summo
734 4269 809 4318 cum
831 4247 940 4320 studio
959 4245 1055 4336 nobis
1075 4256 1207 4347 praesto
1224 4245 1361 4319 luerunt
1375 4269 1529 4344 operam-

289 4386 352 4460 que
387 4386 462 4434 cnm
493 4363 528 4433 in
561 4361 700 4458 plagulis
732 4389 752 4436 a
784 4365 951 4460 typotheta
983 4365 1175 4463 descriptis,
1208 4366 1400 4462 priusquam
1431 4365 1530 4460 prelo

288 4480 457 4583 supposita
489 4480 677 4579 prodirent,
711 4482 935 4582 corrigendis,
972 4494 1042 4558 tum
1075 4473 1108 4558 in
1143 4484 1233 4558 omani
1265 4467 1410 4560 editione
1434 4483 1531 4558 llini-
