3214 5400
90 463 748 580 l——Wonrt
766 521 822 570 xiv.
1202 521 1260 584 teo
1312 471 1316 618 i

1313 651 1316 692 t

201 741 251 804 Sic
274 748 376 814 tumet,
399 747 432 801 ut
453 739 578 818 rigidus,
602 740 652 818 qui
675 739 833 802 obtruncat
854 759 923 802 sexa
944 741 1054 815 Pelori,
1197 817 1199 828 Ι
1313 719 1317 822 Ι

200 849 1262 932 lionspaenebaudusquambuncsuperet,mareadusqueprolundum,
1314 823 1318 934 i

151 971 185 1022 3⁰
202 960 268 1033 Quo
290 958 380 1033 venit,
402 967 436 1022 nt
458 959 572 1033 reddat,
596 959 674 1038 quod
699 960 791 1022 siccat
812 961 968 1022 flammeus
990 962 1100 1038 aether,
1314 935 1317 996 Ι

201 1071 313 1132 Damna
335 1087 527 1148 repensurus,
551 1068 599 1130 cui
622 1067 732 1130 debent
752 1069 883 1139 flumina,
908 1069 1053 1149 quidquid
1314 1055 1317 1098 ¹

201 1179 368 1240 Advolvunt
389 1197 500 1252 secum,
523 1177 567 1240 sic
589 1178 710 1258 pellitur
730 1179 826 1240 bostis
848 1179 884 1240 ed
907 1180 1001 1242 instar
1315 1199 1318 1294 q

202 1288 225 1348 Α
249 1287 364 1350 cunctis
386 1288 489 1362 virtus,
511 1288 592 1348 velut
612 1288 727 1365 anguis,
750 1288 812 1350 sive
834 1289 961 1367 maligna
1315 1297 1318 1362 Ι

205 1397 382 1459 Conditione
404 1398 585 1478 loci,‚pravo
608 1417 662 1460 een
683 1417 767 1460 more
787 1407 952 1478 premente.
1315 1367 1318 1444 ¹

154 1517 185 1568 ³5
204 1509 393 1587 Quapropter
413 1507 541 1569 miserae
563 1508 731 1587 quicunque
755 1516 800 1570 est
822 1508 920 1571 incola
940 1509 1034 1582 vallis,
1315 1447 1318 1545 i

202 1618 343 1680 Naturam
364 1635 460 1695 usque
482 1617 557 1678 adeo
576 1616 639 1696 jam
662 1627 860 1680 commutasse
882 1619 1005 1692 videtur,
1315 1553 1318 1692 i

203 1729 270 1789 Non
293 1745 381 1790 secus
403 1734 490 1806 etque
513 1739 618 1790 omnes
641 1726 725 1788 Circe
746 1728 824 1788 inter
844 1747 956 1809 pascua
975 1714 1108 1792 haberet.
1315 1695 1319 1832 ἱ

205 1837 381 1900 Obscoenos
402 1837 480 1898 inter
500 1855 612 1916 porcos
634 1837 657 1897 it
678 1855 793 1916 pauper
818 1853 962 1916 aquarum

203 1949 344 2020 Primum,
367 1947 484 2025 bosque
507 1945 633 2008 offendit
653 1965 738 2024 mage
760 1946 865 2025 dignos
887 1965 1010 2027 pascere
1032 1949 1163 2026 glandes,
1316 1909 1319 2012 i

155 2061 187 2113 40
206 2058 302 2131 Quam
324 2073 519 2135 quoscunque
541 2055 625 2118 cibos
648 2055 723 2118 alios
746 2075 931 2130 consumere,
954 2056 986 2118 in
1007 2077 1094 2120 usum
1317 2046 1319 2158 l

203 2167 370 2229 llumanum
393 2165 496 2242 lectos.
539 2165 615 2228 Exin
636 2166 775 2228 revoluta,
789 2166 939 2240 deorsum,
1317 2159 1319 2210 Ι

206 2277 343 2340 Occurrit
364 2275 468 2338 catulis
491 2283 537 2336 sat
557 2276 625 2355 plus
645 2274 832 2354 ringenlibus
852 2276 940 2350 unda,
1317 2233 1320 2324 l

206 2389 301 2462 Quam
323 2393 476 2466 praestent
496 2385 584 2458 vires,
609 2403 684 2465 quos
708 2385 873 2463 dedignata,
895 2396 1049 2466 retorquet
1317 2404 1320 2478 ς

204 2497 330 2560 Rictum.
373 2496 400 2557 lt
421 2494 572 2568 delabens,
596 2502 626 2556 et
648 2514 707 2574 quo
728 2495 832 2571 magis
847 2495 903 2557 ista
925 2496 1080 2571 redundat,
1317 2499 1320 2574 l

155 2611 188 2666 45
206 2607 301 2670 Tanto
323 2606 391 2686 plus
414 2604 527 2668 catulos
549 2623 653 2668 versos
676 2605 707 2666 in
727 2604 860 2667 membra
881 2604 1020 2686 luporum
1318 2629 1321 2670 t

204 2716 319 2778 Invenit
340 2722 404 2776 acta
425 2715 503 2776 malo
526 2715 585 2776 lato
608 2714 773 2795 devotaque
795 2716 886 2778 fossa.

204 2825 318 2888 Deinde
338 2823 417 2887 viam
437 2824 584 2903 arripiens
605 2842 661 2904 per
681 2824 808 2904 plurima
832 2834 934 2904 stagna
954 2827 1113 2906 profunda,
1318 2756 1321 2863 l

207 2934 340 2997 Offendit
360 2935 464 3013 vulpes
487 2933 531 2994 sio
552 2933 656 3013 plenas
678 2933 782 2997 fraude
805 2934 950 3015 dolisque,
1318 2890 1321 2966 l

204 3043 322 3107 Nullam
342 3051 376 3106 ut
397 3043 559 3123 nequitiam
581 3044 750 3116 formident,
774 3063 849 3123 quae
871 3053 997 3124 occupet
1017 3044 1109 3125 ipsas.

155 3162 188 3215 50
205 3157 311 3218 Dicere
333 3173 389 3216 nec
410 3171 539 3233 parcam,
562 3153 631 3215 licet
651 3153 702 3216 hic
723 3153 796 3216 mibi
817 3154 959 3232 praebeat
979 3173 1075 3228 aures,

205 3267 301 3344 Atque
322 3265 373 3326 isti
394 3265 471 3326 bene
494 3263 558 3338 erit,
581 3264 707 3326 memori
730 3264 756 3324 si
777 3263 850 3326 baec
871 3271 969 3325 mente
990 3264 1141 3337 recondat,

207 3375 290 3449 Quae
311 3374 384 3436 mihi
406 3373 566 3436 deiunctae*
582 3370 702 3434 mortali
724 3389 860 3452 corpore,
881 3390 968 3434 verax
1047 3401 1054 3408 ·

207 3484 335 3564 Spiritus
358 3482 474 3546 enodat.
518 3483 601 3546 Tuus
623 3500 693 3544 ecce
716 3490 783 3544 ante
806 3500 858 3544 ora
879 3482 994 3545 videtur

208 3595 400 3656 Concursare.
416 3611 511 3673 nepos
534 3593 630 3654 lactus
651 3599 784 3666 venator,
807 3600 837 3653 et
857 3591 933 3654 illos-

153 3709 189 3772 ,55
207 3703 362 3781 Exagitare
384 3702 472 3783 lupos
493 3703 525 3764 in
547 3702 605 3765 diri
627 3703 758 3765 lluminis
781 3721 841 3776 orn,

207 3813 245 3874 Et
265 3821 377 3874 terrere
399 3830 512 3886 omnes,
534 3814 659 3874 istorum
682 3813 810 3874 vendere
833 3829 960 3884 carnem,

206 3923 270 3984 Nec
292 3922 367 3984 setis·
387 3930 434 3984 est
455 3923 522 4002 ipsi,
545 3923 649 3996 vivam,
672 3923 725 3984 sed
747 3921 855 3984 deinde
876 3929 997 3984 necatos

207 4031 326 4113 Abjicit,
349 4039 382 4093 ut
403 4032 488 4094 senio
511 4033 646 4094 contecta
668 4031 814 4105 animalia,
837 4031 925 4093 inerti

207 4141 365 4204 Deirandat
385 4141 494 4203 multos
516 4143 582 4216 vite,
606 4161 638 4204 se
660 4143 780 4204 nomine
802 4141 941 4204 honesto.

157 4260 191 4312 60
208 4249 299 4312 Tristi
321 4251 381 4313 exit
402 4249 475 4313 silva
496 4251 632 4318 foedatus
655 4251 762 4325 caede3
785 4250 927 4330 relinquit

208 4360 321 4433 Talem,
344 4367 375 4421 ut
396 4360 477 4422 mille
501 4361 567 4422 exin
589 4360 740 4430 volvendis
763 4359 887 4425 orbibus
909 4361 981 4422 anni

206 4469 415 4550 Nequidquam
437 4470 574 4534 studeant
594 4470 722 4550 primum
744 4489 884 4599 repaqare
906 4470 1056 4535 decorem.
