3236 5394
301 516 305 634 Ι
357 567 399 629 46
721 571 725 599 ·
800 511 1137 616 insaniendum--

424 786 531 858 ansr,
554 784 666 864 iuquit,
691 784 741 864 qui
764 784 836 846 olim
858 801 913 862 pro
936 783 1090 846 durotmn
1113 785 1266 850 horarum,

425 895 585 967 occubuit,
609 894 745 974 cavitque
766 894 862 966 idem,
887 911 924 954 ne
947 893 987 954 ita
1011 893 1122 955 inultus
1144 893 1251 956 ohiret.

373 1015 406 1068 65
422 1006 519 1085 Atque
540 1004 607 1078 hio,
630 1005 680 1085 qui
703 1004 818 1066 medius
841 1003 973 1066 demisso
996 1004 1032 1065 ed
1054 1011 1159 1083 pectus
1181 1003 1316 1066 inhaeret

425 1114 551 1186 Ohtutu,
574 1133 642 1176 sese
664 1113 845 1194 inspiciens,
869 1121 916 1175 est
936 1131 1061 1192 magnus
1084 1113 1219 1176 alumnus

422 1223 550 1297 Pelidis,
574 1224 700 1286 Gaison.
743 1223 825 1286 ntur
844 1223 966 1284 Pronus
990 1222 1057 1296 ille,
1081 1223 1137 1284 suh
1159 1223 1220 1286 aori

422 1334 535 1396 Irarum
556 1335 664 1396 fluctus
687 1343 784 1394 tantos
808 1333 857 1412 qui
881 1341 1002 1412 pectore
1024 1333 1124 1394 volvit.

422 1445 508 1506 Stant
530 1442 642 1506 nircum
664 1444 776 1506 fossam
798 1442 962 1514 innumeri,
986 1461 1189 1524 quascumque
1211 1443 1307 1522 parati

371 1569 405 1620 ro
419 1554 525 1633 Figere
548 1555 606 1615 telo
629 1553 743 1616 animas
765 1571 897 1616 emersas
919 1553 1063 1633 sanguine
1084 1553 1170 1633 plus,
1194 1571 1281 1634 quarn

353 1643 355 1656 Ι
422 1667 510 1728 Sorte
531 1663 591 1726 illis
614 1683 668 1725 sua
690 1683 765 1724 noxa
788 1663 880 1725 dedit.
923 1663 985 1724 Nos
1007 1663 1057 1725 iila
1081 1663 1209 1726 serarum

420 1774 559 1852 Agmina,
582 1773 677 1834 veloci
700 1793 788 1836 cursu
809 1773 968 1853 pollentia,
992 1773 1119 1836 adimus.

420 1885 508 1944 Arma
532 1883 613 1962 capit
634 1884 764 1956 erinon,
787 1891 817 1945 et
837 1883 1004 1963 posteriore
1027 1882 1152 1960 sagittae

421 1993 515 2056 Crono
538 2012 624 2066 usus,
648 1979 728 2055 retro
752 1993 905 2057 admotas
927 1992 1037 2056 harhae
1060 1991 1117 2054 sihi
1141 1991 1243 2053 silvam

371 2112 403 2164 ⁷5
420 2103 564 2173 Dimoritt
587 2104 640 2164 sed
663 2103 714 2164 uhi
737 2122 771 2164 os
793 2121 900 2182 magno
922 2102 1034 2166 deterit
1054 2102 1145 2173 hiatu,

420 2212 523 2275 Edidit
543 2213 617 2276 haee
640 2213 747 2276 sociis:
768 2212 919 2293 Numquid
941 2211 1095 2286 sensistis,
1118 2220 1151 2274 ut
1171 2204 1222 2272 ille

419 2323 502 2384 Pone
525 2341 653 2403 sequens
675 2331 792 2385 moreat
813 2321 958 2403 quidquid
979 2322 1055 2402 pede
1077 2317 1194 2399 tangit?
1216 2328 1246 2382 at
1266 2320 1347 2383 istud

420 2433 505 2494 Haud
527 2433 605 2494 solet
625 2433 762 2494 arridere
784 2451 801 2494 a
822 2431 950 2512 pedihus
969 2432 1031 2512 jam
1052 2432 1118 2494 luce
1141 2439 1303 2493 carentum.

463 2543 520 2604 Sed
543 2543 640 2604 honus
662 2542 733 2604 huie
754 2551 855 2604 eontra
879 2543 950 2616 dux,
974 2541 1025 2623 qui
1046 2561 1140 2622 prope
1162 2549 1284 2621 pectora
1305 2541 1411 2613 stabat,

369 2664 403 2716 80
421 2652 485 2725 Qua
508 2653 616 2732 duplex
636 2653 734 2733 jungit
754 2662 858 2714 natura
881 2652 1091 2731 hominemque
1114 2652 1275 2731 seramque,

420 2762 503 2823 Turno
526 2762 582 2823 ait:
605 2763 664 2824 Iste
687 2762 807 2842 quidem
829 2762 901 2823 ririt
922 2761 967 2824 sio
989 2762 1071 2823 solus
1094 2762 1250 2842 inopsque,

418 2874 513 2951 Atque
535 2891 619 2933 meus
641 2871 725 2934 iohor
748 2881 794 2932 est
814 2871 884 2933 huie
906 2879 1012 2934 tetram
1035 2873 1191 2934 ostendere
1212 2871 1331 2934 vallem.

417 2982 480 3044 Neo
498 2982 560 3062 jam
583 2992 690 3062 sponte
713 2981 805 3054 venit,
829 2983 974 3062 Superum
996 2983 1050 3044 sed
1074 2982 1138 3059 iege
1162 2989 1291 3042 coactus.

419 3091 501 3152 Talis
523 3101 602 3170 napta
624 3093 691 3161 loeo
714 3101 777 3164 est,
801 3092 852 3154 uhi
875 3091 1008 3154 concinit
1029 3093 1157 3172 alleluja,

367 3207 400 3260 85
418 3201 481 3262 Hoc
504 3202 622 3280 dignata
645 3221 752 3264 norum
776 3202 862 3264 nohis
885 3202 1069 3264 committere
1091 3221 1209 3264 munus.

415 3311 482 3372 Non
503 3312 554 3372 hio
574 3313 747 3392 praedator,
771 3332 867 3393 neque
889 3329 944 3392 ego
966 3332 1033 3374 sum
1054 3311 1178 3374 rumine
1199 3312 1276 3374 ritae

416 3422 516 3482 Foeda
538 3422 635 3484 anima
658 3423 800 3502 impurae.
845 3424 944 3496 Quare
967 3442 1046 3484 nuno
1067 3430 1096 3484 te
1119 3441 1172 3484 oro
1194 3421 1351 3502 perillam

416 3530 572 3605 Virtutem,
595 3552 651 3612 per
672 3553 760 3613 quam
782 3534 828 3594 ias
850 3540 897 3594 est
916 3532 990 3594 mihi
1012 3533 1135 3596 tendere
1157 3550 1279 3610 gressus

418 3641 491 3702 Tam
513 3642 618 3703 durum
639 3662 694 3723 per
715 3643 788 3715 iter,
813 3643 850 3704 de
871 3651 968 3705 restra
991 3644 1062 3705 aede
1086 3643 1209 3704 cohorte

366 3763 400 3815 9⁰
415 3750 524 3814 Notum
548 3752 693 3832 aliquem,
716 3754 800 3834 nujus
821 3753 946 3831 vestigia
969 3762 1050 3814 oerta
1070 3771 1240 3833 sequamur,

417 3861 535 3941 Quique
555 3862 662 3924 vadum
684 3872 843 3938 monstret,
867 3865 975 3944 detque
997 3863 1067 3925 huic
1088 3863 1220 3926 insidere
1243 3870 1334 3940 tergo,

415 3971 507 4045 Huic,
530 3971 580 4052 qui
603 3991 664 4034 non
685 3973 789 4034 umbra
813 3983 860 4036 est
880 3983 999 4036 assueta
1020 3993 1075 4053 per
1096 3980 1164 4035 adra
1187 3972 1269 4034 ierri.

459 4080 534 4143 Tum
554 4081 631 4144 latus
653 4082 684 4143 in
706 4083 839 4144 dextrum
863 4085 1009 4146 convertit
1028 4083 1141 4144 lumina
1163 4084 1292 4168 Carnos,

415 4191 453 4251 Et
473 4191 594 4252 Nsssuu
616 4192 770 4272 appellans
792 4193 880 4256 dixit:
903 4194 1032 4274 vestigia
1054 4202 1134 4256 retro

366 4315 398 4368 95
417 4300 462 4361 Tu
482 4301 594 4379 relege,
619 4314 648 4364 et
670 4302 714 4364 sio
735 4303 791 4364 hos
813 4303 885 4378 duo,
907 4313 953 4378 ut,
977 4304 1004 4364 si
1026 4323 1084 4384 qna
1107 4304 1198 4365 altera
1219 4293 1306 4362 sistat
1355 4367 1357 4376 ,

416 4410 524 4473 Contra
547 4411 670 4474 adversa
692 4413 785 4486 aries,
809 4414 889 4475 nulia
911 4413 1009 4476 ohstet
1030 4433 1137 4482 caussa
1158 4410 1304 4474 morandi.

457 4519 521 4582 Hor
543 4522 617 4584 duee
639 4521 694 4584 suh
716 4524 778 4585 fido
799 4524 961 4586 fumantem
981 4524 1108 4603 leg'mus
1129 4529 1214 4584 aestu
