3214 5400
314 485 373 548 too
772 428 1484 643 mummium—W

328 717 363 767 tc
379 704 495 774 Clivus.
518 722 606 783 quam
629 723 662 765 ex
685 703 783 764 medio
806 702 841 764 ad
866 710 999 764 centrum
1021 701 1151 763 demissa
1174 700 1336 782 quadrante

379 815 480 876 Linea.
525 814 636 875 Lassus
658 831 753 884 eram,
777 830 843 874 cum
866 813 967 890 coepi:
991 812 1135 891 Respice,
1159 810 1256 872 dulcis

380 923 418 984 hii
439 930 538 1002 pater,
562 931 648 1002 atque
670 923 751 993 vide,
774 929 807 983 ut
827 941 933 982 maneo
952 922 1015 1002 jam
1037 921 1136 992 solus,
1159 920 1210 983 ubi
1233 921 1307 984 ultra

381 1032 558 1095 Contendas.
602 1032 671 1106 Fili,
695 1032 866 1111 respondit,
888 1049 993 1109 repere
1015 1047 1105 1109 perge
1237 1025 1239 1030 ’

381 1143 474 1220 Atque
497 1142 605 1204 accede
628 1141 739 1213 isthuc,
764 1143 926 1203 osteudens
947 1141 1080 1221 proxima
1103 1141 1186 1220 rupis

331 1264 363 1312 45
381 1251 475 1330 Terga
497 1251 711 1330 impendentis,
735 1270 809 1330 quae
832 1269 867 1310 ex
889 1250 937 1312 iiia
959 1260 1042 1328 parte
1064 1251 1208 1326 rigentem

381 1361 517 1440 Undique
538 1369 668 1423 montem
690 1361 790 1423 ambit.
835 1359 923 1422 Tales
945 1359 1018 1421 mihi
1038 1359 1128 1422 rerba
1150 1360 1281 1437 magistri

380 1471 546 1532 Admorunt
566 1470 716 1540 stimulos,
739 1479 771 1531 ut
788 1471 869 1550 juxta
891 1470 970 1532 bunc
992 1469 1103 1532 niterer
1120 1471 1185 1549 ipse

381 1581 534 1660 Reptando
556 1599 651 1660 usque
674 1581 764 1656 adeo,
788 1580 883 1641 donec
905 1580 967 1640 saxi
990 1579 1085 1641 orbita
1106 1579 1173 1641 duri

382 1690 443 1752 Sub
465 1691 541 1770 pede
564 1709 669 1769 pressa
689 1707 757 1751 meo
780 1698 840 1762 est,
865 1697 894 1750 et
915 1689 956 1750 ibi
979 1688 1169 1750 consedimus
1191 1692 1278 1752 ambo

331 1809 363 1858 cc
382 1799 486 1861 Ortum
508 1806 693 1879 spectantes,
718 1818 775 1878 qua
799 1819 832 1860 ex
854 1807 938 1878 parte
960 1799 1169 1860 adscendimus
1192 1810 1277 1875 ante,

380 1910 454 1970 Nam
472 1909 554 1989 jurat
576 1926 715 1970 emensos
738 1907 832 1969 oculis
854 1909 979 1970 lustrare
1000 1908 1112 1970 viarum

380 2019 523 2080 biiiiciles
545 2019 654 2093 herus3
677 2017 868 2098 subjectaque
889 2017 987 2080 littora
1009 2019 1136 2096 primum

380 2128 466 2206 Legi,
490 2128 598 2190 deiude
621 2127 725 2188 oculos
748 2145 802 2206 ego
827 2127 912 2205 coepi
935 2127 1040 2190 tollere
1063 2128 1094 2188 in
1116 2128 1215 2200 altum,

379 2238 423 2298 hd
447 2237 556 2308 solem,
579 2244 608 2298 at
629 2237 710 2298 laeva
733 2237 811 2297 bunc
832 2235 962 2298 mirabar
983 2238 1096 2317 spicula
1114 2237 1189 2300 lucis

331 2357 363 2409 55
379 2347 503 2407 Mittere.
546 2347 592 2407 Me
613 2355 694 2408 vates
717 2365 896 2426 suspensum
917 2347 1041 2409 haerere
1064 2356 1184 2428 stupore

380 2457 432 2516 Sat
453 2456 560 2527 sensit,
583 2455 653 2517 dum
674 2456 750 2517 lucis
773 2457 829 2517 iter
851 2455 982 2535 solisque
1006 2456 1117 2530 tuebar,

381 2565 466 2627 Hunc
487 2566 537 2627 ubi
560 2585 615 2627 nos
637 2567 716 2627 iuter
735 2566 919 2646 boreamque
942 2567 1051 2628 intrare
1073 2566 1218 2628 videbam.

380 2675 409 2736 is
431 2676 518 2736 mihi:
542 2677 574 2740 Si
597 2676 719 2754 gemini,
742 2675 870 2738 lucentia
891 2676 1006 2749 sidem,
1029 2676 1135 2737 iratres

381 2786 454 2847 Cum
477 2786 598 2864 specuio
620 2785 747 2848 ducente
766 2785 856 2866 jubar
877 2805 997 2848 sursum
1019 2793 1107 2866 atque
1130 2785 1269 2848 deorsum

330 2910 364 2960 tu
380 2895 444 2957 Una
465 2896 556 2966 irent,
578 2894 620 2956 ibi
641 2897 672 2956 in
694 2895 816 2974 obliquo
839 2896 1005 2958 curvamine
1028 2903 1142 2958 sectum

379 3005 511 3067 Rubrum
533 3006 589 3066 iter
609 3005 780 3084 adspiceres
801 3007 941 3084 propius,
965 3006 1035 3067 dum
1057 3025 1090 3066 se
1112 2993 1202 3079 rotai,
1225 3025 1312 3068 ursas

381 3116 531 3193 stringere
554 3115 651 3176 adbuc
673 3133 775 3188 curru,
800 3115 858 3176 nisi
881 3116 957 3177 torte
979 3115 1010 3176 id
1031 3116 1147 3177 tramite
1170 3115 1265 3178 abiret

381 3225 519 3304 Antiquo.
563 3225 600 3286 ht
622 3243 675 3286 cur
696 3225 726 3286 id
748 3225 814 3297 fiat,
838 3224 865 3285 si
886 3242 1010 3286 cernere
1031 3243 1123 3302 posse

381 3334 487 3414 Optas,
511 3334 557 3395 iac
578 3343 676 3395 mente
698 3313 830 3396 attendas
853 3353 887 3395 ac
908 3335 987 3410 finge
1009 3334 1132 3397 Sionem

330 3447 362 3500 65
381 3444 520 3517 Tantum,
544 3455 630 3523 atque
652 3445 732 3505 hunc
752 3452 883 3505 montem
905 3452 1048 3506 terrarum
1071 3444 1212 3505 exsistere
1234 3446 1265 3506 in
1288 3445 1359 3507 orbe

381 3554 445 3625 Sic,
469 3561 516 3624 ut,
540 3553 640 3632 quiin
663 3554 752 3633 plano
775 3561 967 3633 prospectum
989 3553 1128 3615 terminat
1148 3554 1266 3616 aethrae

381 3663 509 3752 Circius.
531 3664 665 3742 utrisque
688 3683 764 3724 unus
786 3671 901 3742 pateat,
925 3663 1100 3742 diversaque
1123 3646 1265 3742 sphaerae

379 3773 491 3836 Puncta
512 3774 629 3852 utrique
650 3773 777 3834 habeant
798 3773 920 3844 bifidae,
943 3781 1013 3833 tunc
1035 3772 1099 3851 ipse
1122 3772 1245 3846 videbis,
1316 3825 1320 3831 .

382 3881 416 3942 Ut
439 3882 491 3954 sit,
512 3900 567 3961 per
589 3883 668 3960 quod
692 3883 748 3944 iter
767 3883 921 3944 Phaethon
943 3881 1018 3943 male
1042 3882 1153 3943 decidit
1173 3883 1264 3957 ausis,

331 3996 364 4047 7⁰
379 3991 455 4051 iluic
477 3991 566 4053 latere
589 4009 624 4051 er
647 3991 704 4053 aiio
727 3993 773 4053 sol
796 3991 1043 4072 conspiciendum
1066 4000 1096 4052 et
1117 3990 1161 4052 iili

379 4099 421 4160 Er
443 4100 515 4172 alio,
539 4101 617 4163 clare
640 4101 665 4162 si
687 4101 820 4163 advertas
842 4101 955 4162 lumine
976 4101 1094 4163 mentis

421 4209 505 4271 iiaud
527 4229 656 4289 unquam
680 4219 759 4272 certe
782 4230 831 4272 res
854 4229 947 4290 aeque
970 4219 1016 4272 est
1038 4209 1130 4283 clara,
1154 4210 1303 4288 magister,

380 4318 448 4379 Visa
469 4319 554 4392 mihi,
577 4329 664 4400 atque
687 4321 793 4394 modo,
817 4320 894 4393 dixi,
919 4319 994 4381 hanc
1016 4320 1193 4399 dignoscere
1216 4321 1260 4382 ias
1284 4325 1345 4384 est:

381 4427 466 4500 Quod
489 4428 572 4507 prius
594 4429 744 4508 ingenium
765 4429 838 4492 mihi
861 4439 923 4492 erat
943 4430 1041 4490 miuus
1064 4430 1135 4492 utiie
1157 4431 1262 4492 risum.

877 4584 1480 4648 -ψ-ᾑ-...ψᾼ
