3282 5404
347 489 409 554 312
814 491 1006 542 armorum.

413 709 512 783 Quare
535 710 561 771 si
583 709 631 770 eui
654 709 731 771 torte
753 709 853 772 looum
874 726 1041 771 memorare
1062 709 1200 790 placebit,

411 819 478 882 Non
502 818 551 881 ille
571 821 681 880 Aannsr
704 820 785 894 (nam
806 817 905 880 verbis
927 819 1048 898 paroius
1071 827 1152 880 esset

361 935 396 991 uo
413 929 514 1008 Usus),
536 930 588 992 sod
610 928 733 1008 proprio
755 929 837 990 huno
860 928 991 992 Orientis
1015 928 1136 990 nomine
1159 929 1247 992 dieat.
1284 976 1287 986 .

412 1039 551 1101 Nondum
574 1039 661 1100 etiam
683 1037 845 1102 adveniens
866 1037 991 1100 multum
1014 1036 1143 1099 distabat
1164 1037 1199 1102 ab
1222 1047 1317 1113 ortu„

414 1149 487 1212 Cum
509 1156 605 1210 terras
627 1148 725 1228 aliquo
748 1163 883 1210 recreare
904 1147 1049 1210 levamine
1072 1148 1171 1228 eoepit

414 1258 537 1320 Virtutis
560 1258 642 1320 dives
664 1274 797 1336 magnae.
840 1256 915 1320 Nam
935 1255 1003 1318 talia
1026 1275 1127 1318 arnone
1170 1323 1174 1332 ,

413 1368 552 1430 Vinxerat
573 1368 652 1430 huno
673 1367 789 1440 mulier,
810 1385 866 1446 pro
890 1384 947 1447 qua
968 1365 1045 1429 bella
1066 1385 1155 1447 aspra
1176 1365 1286 1428 subivit

363 1483 396 1540 lt
413 1476 519 1540 Junior
540 1497 557 1540 a
578 1486 672 1556 patre,
695 1487 726 1544 et
747 1476 804 1550 nui,
828 1493 883 1540 oeu
904 1476 1003 1550 morti,
1027 1476 1103 1538 ostia
1123 1475 1211 1552 gandl

415 1587 500 1649 llauvl
523 1587 681 1666 quisquam
702 1586 817 1665 pandit.
861 1585 922 1648 Sed
944 1603 1030 1648 sauro
1052 1585 1184 1646 antistite
1206 1602 1322 1648 eoram<

412 1696 509 1775 Atque
530 1705 613 1774 patre
636 1696 714 1758 hano
736 1694 794 1757 sibi
816 1693 978 1774 conjunxit,
1001 1711 1090 1773 quam
1113 1713 1232 1774 semper
1252 1695 1365 1766 anteiit,

413 1807 450 1868 Et
471 1805 576 1883 magia,
598 1805 689 1884 inque
711 1803 776 1865 dies
798 1803 903 1882 magia.
946 1803 1027 1866 llaec
1049 1822 1162 1883 sponso
1185 1803 1256 1866 orba
1277 1805 1387 1884 priore,
1421 1848 1423 1858 .

412 1915 493 1978 llille
514 1915 592 1978 ultra
613 1922 643 1978 et
665 1922 783 1976 eentum
805 1921 903 1993 spreta
926 1921 1015 1992 atque
1037 1911 1165 1975 obaoura
1187 1932 1242 1993 per
1263 1913 1374 1995 annon]
1399 1956 1403 1964 -

362 2040 397 2092 60
413 2027 487 2088 Ante
509 2025 600 2086 istum
622 2021 709 2096 aedit,
733 2022 814 2086 nullo
837 2023 979 2086 invitante
1000 2023 1118 2086 marito.

412 2134 475 2197 Neo
493 2134 578 2216 juvit,
601 2134 682 2214 quod
703 2134 782 2196 lama
803 2134 903 2206 refert
926 2132 982 2194 anb
1004 2149 1135 2212 paupere
1157 2132 1269 2194 amiota

413 2243 569 2308 lnvenisao
590 2262 670 2317 oasa,
694 2243 745 2323 qui
768 2261 906 2304 aeourum
927 2250 1028 2320 egerat
1048 2261 1152 2305 aevum

414 2353 497 2416 lllius
520 2353 557 2414 nd
578 2370 692 2426 vocem,
715 2352 883 2432 qui'totum
904 2351 1010 2414 terruit
1031 2351 1151 2426 orbem3

414 2463 453 2524 Et
473 2471 613 2524 constans
635 2463 734 2524 animo
758 2463 868 2524 lruatra
889 2461 945 2524 suit
966 2460 1026 2536 illa,
1048 2462 1189 2540 lararque

365 2586 399 2642 no
416 2573 530 2648 (Stante
550 2572 642 2634 llario
662 2572 752 2648 infra)
774 2590 845 2634 ausa
868 2589 988 2634 emnem
1010 2572 1220 2646 conscendere,
1242 2572 1360 2634 Christo

415 2681 545 2742 lndivisa
567 2699 679 2742 onmes.
722 2681 783 2742 Sed
805 2700 843 2742 ne
865 2680 941 2744 ultra
962 2679 1089 2746 obseura
1110 2682 1282 2757 revolvam„

416 2791 506 2855 Disce
527 2791 575 2850 his
595 2790 710 2869 prolixe
731 2791 831 2854 verbis
852 2809 901 2852 me
923 2790 1055 2854 scribere
1076 2769 1209 2855 amantea

416 2901 481 2963 lam
501 2901 709 2979 Paupertatem
733 2908 763 2962 at
782 2901 978 2962 Famorsanu.
1021 2901 1131 2962 Laetus
1153 2902 1271 2981 utrique

416 3010 530 3084 Vultus,
553 3010 646 3072 mirus
668 3028 759 3083 amor,
782 3029 868 3072 mena
889 3029 1025 3083 concors,
1048 3009 1135 3074 dulae
1157 3019 1274 3074 tuentes

367 3129 401 3180 lu
417 3119 471 3182 llis
494 3119 573 3181 oculi
595 3119 627 3180 in
649 3128 767 3182 sanatas
789 3119 945 3200 rapiebant
965 3127 1089 3199 pentura
1111 3139 1211 3184 ouras.

461 3231 545 3292 Tunc
567 3229 697 3318 primum
718 3231 831 3292 nudare
852 3230 946 3309 pedes
967 3229 1146 3292 venerabilis
1169 3231 1256 3294 ardet

417 3339 603 3413 Bormanon,
624 3326 794 3418 tantamque
817 3339 920 3402 avidus
942 3339 1114 3419 contingere
1135 3359 1245 3419 paoem
1273 3367 1276 3374 ⁴

418 3449 556 3523 Eminuit,
580 3466 671 3510 eursu
688 3449 750 3510 ¹sibi
772 3450 853 3511 visus
874 3449 988 3512 tardior
1009 3450 1080 3512 isse.

421 3558 445 3619 0
468 3559 545 3620 male
569 3559 704 3638 cognitae
728 3577 812 3638 opes,
835 3577 853 3619 o
875 3559 962 3638 eopia
984 3577 1052 3621 vera
1073 3559 1237 3622 bonorum!

155 3661 159 3670 '
267 3701 268 3704 ¹
369 3679 402 3734 75
419 3667 513 3730 Nudis
536 3674 689 3741 Anarnrna,
713 3669 800 3731 nudis
822 3671 993 3733 Svnvnarna
1014 3669 1134 3732 animat

421 3779 534 3840 Sentari
557 3797 701 3858 sponsum
722 3777 866 3858 pedibus;
888 3779 932 3840 sie
954 3797 1067 3858 sponsa
1087 3779 1245 3859 plaeelaat.r

421 3887 553 3968 Coojuge
576 3907 643 3950 cum
665 3896 768 3950 sancta
790 3889 902 3951 inuadit
922 3896 1008 3968 pater
1028 3897 1117 3970 atquo
1138 3889 1289 3968 magister,
1410 3921 1419 3928 ·

423 3997 517 4070 Quem
539 3997 641 4077 proles
661 3997 768 4060 humili
790 3999 925 4078 sequitur
943 3998 1127 4062 euaumdau
1149 4000 1230 4062 tuna.

422 4106 489 4167 Non
510 4106 580 4168 huin
602 4126 738 4170 securam
758 4109 886 4170 frontem
909 4126 962 4170 eor
981 4107 1040 4170 vile
1061 4110 1198 4188 gravavit
1234 4161 1239 4169 .

373 4221 407 4274 8⁰
425 4215 511 4288 Quod
533 4225 620 4280 natus
641 4217 744 4281 Panno
768 4217 808 4288 sit
827 4217 1023 4280 Brentanove
1044 4231 1178 4298 parente,

425 4325 511 4398 Quod
534 4336 651 4406 spretus
672 4328 757 4402 mira„
778 4334 808 4388 at
829 4327 921 4405 regali
941 4335 1064 4407 pectore
1087 4328 1186 4391 oelsua

423 4436 535 4499 Durum
556 4438 743 4519 propositum
765 4435 905 4511 ostendit,
928 4437 1009 4517 qnod
1031 4437 1151 4502 dextera
1175 4439 1283 4502 summi
1327 4497 1329 4502 ,
