<?xml version="1.0" encoding="UTF-8"?>
<!DOCTYPE html PUBLIC "-//W3C//DTD XHTML 1.0 Transitional//EN"
    "http://www.w3.org/TR/xhtml1/DTD/xhtml1-transitional.dtd">
<html xmlns="http://www.w3.org/1999/xhtml" xml:lang="en" lang="en">
 <head>
  <title>
</title>
<meta http-equiv="Content-Type" content="text/html;charset=utf-8" />
  <meta name='ocr-system' content='tesseract 3.04.00' />
  <meta name='ocr-capabilities' content='ocr_page ocr_carea ocr_par ocr_line ocrx_word'/>
</head>
<body>
  <div class='ocr_page' id='page_1' title='image "./divinacomoedia01piazgoog_0349.png"; bbox 0 0 3234 5396; ppageno 0'>
   <div class='ocr_carea' id='block_1_1' title="bbox 287 437 1122 584">
    <p class='ocr_par' dir='ltr' id='par_1_1' title="bbox 287 437 1122 584">
     <span class='ocr_line' id='line_1_1' title="bbox 287 437 1122 584; baseline -0.002 -42"><span class='ocrx_word' id='word_1_1' title='bbox 287 437 292 584; x_wconf 65' lang='grc' dir='ltr'>Ι</span> <span class='ocrx_word' id='word_1_2' title='bbox 343 489 407 554; x_wconf 67' lang='grc'><strong>292</strong></span> <span class='ocrx_word' id='word_1_3' title='bbox 811 491 946 544; x_wconf 74' lang='lat' dir='ltr'><strong>PdthiSd</strong></span> <span class='ocrx_word' id='word_1_4' title='bbox 964 493 1000 542; x_wconf 82' lang='lat' dir='ltr'><strong>tt.</strong></span> <span class='ocrx_word' id='word_1_5' title='bbox 1120 519 1122 524; x_wconf 95' lang='lat'>·</span> 
     </span>
    </p>
   </div>
   <div class='ocr_carea' id='block_1_2' title="bbox 354 707 1357 4527">
    <p class='ocr_par' dir='ltr' id='par_1_2' title="bbox 407 707 1241 1120">
     <span class='ocr_line' id='line_1_2' title="bbox 409 707 1241 790; baseline -0.002 -18"><span class='ocrx_word' id='word_1_6' title='bbox 409 709 570 774; x_wconf 83' lang='lat' dir='ltr'>Fulserunt</span> <span class='ocrx_word' id='word_1_7' title='bbox 591 710 678 786; x_wconf 83' lang='lat' dir='ltr'><strong>isma,</strong></span> <span class='ocrx_word' id='word_1_8' title='bbox 702 727 790 790; x_wconf 84' lang='lat' dir='ltr'><strong>quam</strong></span> <span class='ocrx_word' id='word_1_9' title='bbox 812 710 930 790; x_wconf 75' lang='lat' dir='ltr'><strong>myrrha</strong></span> <span class='ocrx_word' id='word_1_10' title='bbox 952 726 1081 790; x_wconf 75' lang='lat' dir='ltr'>aspergo</span> <span class='ocrx_word' id='word_1_11' title='bbox 1102 707 1241 774; x_wconf 86' lang='lat' dir='ltr'><strong>libenter.</strong></span> 
     </span>
     <span class='ocr_line' id='line_1_3' title="bbox 408 817 1220 898; baseline 0 -18"><span class='ocrx_word' id='word_1_12' title='bbox 408 819 489 882; x_wconf 87' lang='lat' dir='ltr'><strong>Haec</strong></span> <span class='ocrx_word' id='word_1_13' title='bbox 510 818 639 882; x_wconf 78' lang='lat' dir='ltr'>Arabum</span> <span class='ocrx_word' id='word_1_14' title='bbox 660 819 766 882; x_wconf 84' lang='lat' dir='ltr'><strong>stravit</strong></span> <span class='ocrx_word' id='word_1_15' title='bbox 785 820 894 882; x_wconf 82' lang='lat' dir='ltr'><strong>fastum</strong></span> <span class='ocrx_word' id='word_1_16' title='bbox 916 817 1022 882; x_wconf 82' lang='lat' dir='ltr'><strong>vexilla</strong></span> <span class='ocrx_word' id='word_1_17' title='bbox 1043 826 1220 898; x_wconf 90' lang='lat' dir='ltr'><strong>sequentum</strong></span> 
     </span>
     <span class='ocr_line' id='line_1_4' title="bbox 408 926 1162 1010; baseline -0.003 -20"><span class='ocrx_word' id='word_1_18' title='bbox 408 928 592 1003; x_wconf 77' lang='lat' dir='ltr'><strong>Hannibalis,</strong></span> <span class='ocrx_word' id='word_1_19' title='bbox 615 929 728 1008; x_wconf 81' lang='lat' dir='ltr'><strong>gelidas</strong></span> <span class='ocrx_word' id='word_1_20' title='bbox 751 928 811 991; x_wconf 88' lang='lat' dir='ltr'><strong>iliis</strong></span> <span class='ocrx_word' id='word_1_21' title='bbox 832 927 1040 1010; x_wconf 82' lang='lat' dir='ltr'>rumpentibus</span> <span class='ocrx_word' id='word_1_22' title='bbox 1060 926 1162 1008; x_wconf 79' lang='lat' dir='ltr'><strong>Alpes,</strong></span> 
     </span>
     <span class='ocr_line' id='line_1_5' title="bbox 407 1035 1155 1120; baseline -0.003 -20"><span class='ocrx_word' id='word_1_23' title='bbox 407 1039 450 1100; x_wconf 84' lang='lat' dir='ltr'><strong>Ex</strong></span> <span class='ocrx_word' id='word_1_24' title='bbox 472 1037 591 1120; x_wconf 87' lang='lat' dir='ltr'><strong>quibus,</strong></span> <span class='ocrx_word' id='word_1_25' title='bbox 612 1037 752 1111; x_wconf 80' lang='lat' dir='ltr'><strong>Eridane,</strong></span> <span class='ocrx_word' id='word_1_26' title='bbox 774 1037 888 1100; x_wconf 86' lang='lat' dir='ltr'><strong>Italicis</strong></span> <span class='ocrx_word' id='word_1_27' title='bbox 909 1035 1043 1100; x_wconf 86' lang='lat' dir='ltr'><strong>illaberis</strong></span> <span class='ocrx_word' id='word_1_28' title='bbox 1065 1036 1155 1116; x_wconf 80' lang='lat' dir='ltr'><strong>agris.</strong></span> 
     </span>
    </p>

    <p class='ocr_par' dir='ltr' id='par_1_3' title="bbox 357 1145 1332 1666">
     <span class='ocr_line' id='line_1_6' title="bbox 357 1145 1332 1229; baseline 0.007 -28"><span class='ocrx_word' id='word_1_29' title='bbox 357 1148 390 1202; x_wconf 78' lang='lat' dir='ltr'><strong>bo</strong></span> <span class='ocrx_word' id='word_1_30' title='bbox 406 1147 471 1209; x_wconf 86' lang='lat' dir='ltr'><strong>Hoc</strong></span> <span class='ocrx_word' id='word_1_31' title='bbox 492 1148 577 1220; x_wconf 93' lang='lat' dir='ltr'><strong>duce,</strong></span> <span class='ocrx_word' id='word_1_32' title='bbox 600 1147 697 1210; x_wconf 89' lang='lat' dir='ltr'><strong>adhuc</strong></span> <span class='ocrx_word' id='word_1_33' title='bbox 718 1147 803 1229; x_wconf 89' lang='lat' dir='ltr'><strong>pueri</strong></span> <span class='ocrx_word' id='word_1_34' title='bbox 826 1155 858 1209; x_wconf 94' lang='lat' dir='ltr'><strong>et</strong></span> <span class='ocrx_word' id='word_1_35' title='bbox 872 1145 1009 1227; x_wconf 78' lang='lat' dir='ltr'><strong>juvenes,</strong></span> <span class='ocrx_word' id='word_1_36' title='bbox 1031 1145 1141 1208; x_wconf 82' lang='lat' dir='ltr'><strong>duxere</strong></span> <span class='ocrx_word' id='word_1_37' title='bbox 1163 1146 1332 1228; x_wconf 91' lang='lat' dir='ltr'><strong>triumphos</strong></span> 
     </span>
     <span class='ocr_line' id='line_1_7' title="bbox 405 1254 1218 1338; baseline 0.001 -19"><span class='ocrx_word' id='word_1_38' title='bbox 405 1257 508 1338; x_wconf 81' lang='lat' dir='ltr'><strong>Scipio</strong></span> <span class='ocrx_word' id='word_1_39' title='bbox 530 1257 762 1338; x_wconf 73' lang='lat' dir='ltr'><strong>Pompeiusque,</strong></span> <span class='ocrx_word' id='word_1_40' title='bbox 784 1265 816 1318; x_wconf 93' lang='lat' dir='ltr'><strong>et</strong></span> <span class='ocrx_word' id='word_1_41' title='bbox 837 1255 906 1318; x_wconf 84' lang='lat' dir='ltr'><strong>colli</strong></span> <span class='ocrx_word' id='word_1_42' title='bbox 929 1264 975 1318; x_wconf 91' lang='lat' dir='ltr'><strong>est</strong></span> <span class='ocrx_word' id='word_1_43' title='bbox 996 1255 1060 1318; x_wconf 87' lang='lat' dir='ltr'><strong>risa</strong></span> <span class='ocrx_word' id='word_1_44' title='bbox 1080 1254 1218 1330; x_wconf 78' lang='lat' dir='ltr'><strong>dolende,</strong></span> 
     </span>
     <span class='ocr_line' id='line_1_8' title="bbox 406 1364 1155 1447; baseline -0.003 -19"><span class='ocrx_word' id='word_1_45' title='bbox 406 1366 469 1429; x_wconf 87' lang='lat' dir='ltr'><strong>Sub</strong></span> <span class='ocrx_word' id='word_1_46' title='bbox 492 1386 551 1447; x_wconf 89' lang='lat' dir='ltr'><strong>quc</strong></span> <span class='ocrx_word' id='word_1_47' title='bbox 574 1375 605 1430; x_wconf 94' lang='lat' dir='ltr'><strong>tu</strong></span> <span class='ocrx_word' id='word_1_48' title='bbox 627 1367 741 1447; x_wconf 89' lang='lat' dir='ltr'><strong>primas</strong></span> <span class='ocrx_word' id='word_1_49' title='bbox 762 1365 890 1428; x_wconf 76' lang='lat' dir='ltr'><strong>hausisti</strong></span> <span class='ocrx_word' id='word_1_50' title='bbox 911 1364 1034 1428; x_wconf 90' lang='lat' dir='ltr'><strong>luminis</strong></span> <span class='ocrx_word' id='word_1_51' title='bbox 1056 1383 1155 1428; x_wconf 86' lang='lat' dir='ltr'><strong>auras.</strong></span> 
     </span>
     <span class='ocr_line' id='line_1_9' title="bbox 405 1469 1231 1556; baseline -0.001 -18"><span class='ocrx_word' id='word_1_52' title='bbox 405 1475 519 1538; x_wconf 80' lang='lat' dir='ltr'><strong>Deinde</strong></span> <span class='ocrx_word' id='word_1_53' title='bbox 541 1494 636 1556; x_wconf 85' lang='lat' dir='ltr'>prope</span> <span class='ocrx_word' id='word_1_54' title='bbox 650 1469 795 1550; x_wconf 74' lang='lat' dir='ltr'><strong>&#39;aetatem</strong></span> <span class='ocrx_word' id='word_1_55' title='bbox 819 1495 877 1556; x_wconf 89' lang='lat' dir='ltr'><strong>qua</strong></span> <span class='ocrx_word' id='word_1_56' title='bbox 899 1474 992 1538; x_wconf 90' lang='lat' dir='ltr'><strong>totius</strong></span> <span class='ocrx_word' id='word_1_57' title='bbox 1014 1493 1073 1537; x_wconf 90' lang='lat' dir='ltr'><strong>uua</strong></span> <span class='ocrx_word' id='word_1_58' title='bbox 1093 1474 1231 1538; x_wconf 78' lang='lat' dir='ltr'><strong>voluutas</strong></span> 
     </span>
     <span class='ocr_line' id='line_1_10' title="bbox 407 1584 1120 1666; baseline -0.004 -18"><span class='ocrx_word' id='word_1_59' title='bbox 407 1585 490 1648; x_wconf 87' lang='lat' dir='ltr'><strong>Cocli</strong></span> <span class='ocrx_word' id='word_1_60' title='bbox 511 1585 648 1648; x_wconf 85' lang='lat' dir='ltr'><strong>decrerat</strong></span> <span class='ocrx_word' id='word_1_61' title='bbox 669 1584 812 1648; x_wconf 90' lang='lat' dir='ltr'><strong>mundum</strong></span> <span class='ocrx_word' id='word_1_62' title='bbox 835 1601 1015 1666; x_wconf 88' lang='lat' dir='ltr'><strong>componere</strong></span> <span class='ocrx_word' id='word_1_63' title='bbox 1036 1603 1120 1664; x_wconf 88' lang='lat' dir='ltr'><strong>pace,</strong></span> 
     </span>
    </p>

    <p class='ocr_par' dir='ltr' id='par_1_4' title="bbox 356 1693 1355 2212">
     <span class='ocr_line' id='line_1_11' title="bbox 356 1693 1180 1776; baseline -0.008 -13"><span class='ocrx_word' id='word_1_64' title='bbox 356 1711 390 1763; x_wconf 81' lang='lat' dir='ltr'><strong>ou</strong></span> <span class='ocrx_word' id='word_1_65' title='bbox 406 1696 505 1776; x_wconf 84' lang='lat' dir='ltr'><strong>Ipsam</strong></span> <span class='ocrx_word' id='word_1_66' title='bbox 528 1695 674 1776; x_wconf 89' lang='lat' dir='ltr'><strong>corripuit</strong></span> <span class='ocrx_word' id='word_1_67' title='bbox 694 1695 813 1767; x_wconf 82' lang='lat' dir='ltr'><strong>Caesar,</strong></span> <span class='ocrx_word' id='word_1_68' title='bbox 836 1694 929 1756; x_wconf 86' lang='lat' dir='ltr'><strong>Roma</strong></span> <span class='ocrx_word' id='word_1_69' title='bbox 951 1693 1025 1756; x_wconf 90' lang='lat' dir='ltr'><strong>urhe</strong></span> <span class='ocrx_word' id='word_1_70' title='bbox 1047 1701 1180 1773; x_wconf 77' lang='lat' dir='ltr'><strong>rogante.</strong></span> 
     </span>
     <span class='ocr_line' id='line_1_12' title="bbox 405 1803 1355 1886; baseline 0.003 -20"><span class='ocrx_word' id='word_1_71' title='bbox 405 1805 443 1866; x_wconf 80' lang='lat' dir='ltr'><strong>Et</strong></span> <span class='ocrx_word' id='word_1_72' title='bbox 465 1804 546 1886; x_wconf 93' lang='lat' dir='ltr'><strong>quid,</strong></span> <span class='ocrx_word' id='word_1_73' title='bbox 567 1813 788 1885; x_wconf 81' lang='lat' dir='ltr'><strong>praetergressa</strong></span> <span class='ocrx_word' id='word_1_74' title='bbox 810 1803 928 1876; x_wconf 84' lang='lat' dir='ltr'><strong>Varum,</strong></span> <span class='ocrx_word' id='word_1_75' title='bbox 951 1803 988 1866; x_wconf 91' lang='lat' dir='ltr'><strong>sd</strong></span> <span class='ocrx_word' id='word_1_76' title='bbox 1010 1803 1084 1866; x_wconf 82' lang='lat' dir='ltr'><strong>vada</strong></span> <span class='ocrx_word' id='word_1_77' title='bbox 1106 1803 1239 1868; x_wconf 86' lang='lat' dir='ltr'><strong>fluminis</strong></span> <span class='ocrx_word' id='word_1_78' title='bbox 1260 1824 1355 1886; x_wconf 87' lang='lat' dir='ltr'><strong>usque</strong></span> 
     </span>
     <span class='ocr_line' id='line_1_13' title="bbox 405 1912 1192 1988; baseline 0 -12"><span class='ocrx_word' id='word_1_79' title='bbox 405 1914 524 1978; x_wconf 84' lang='lat' dir='ltr'><strong>Fecerit</strong></span> <span class='ocrx_word' id='word_1_80' title='bbox 543 1914 618 1977; x_wconf 87' lang='lat' dir='ltr'><strong>haec</strong></span> <span class='ocrx_word' id='word_1_81' title='bbox 639 1913 744 1988; x_wconf 83' lang='lat' dir='ltr'><strong>Rheni,</strong></span> <span class='ocrx_word' id='word_1_82' title='bbox 767 1913 842 1976; x_wconf 89' lang='lat' dir='ltr'><strong>satis</strong></span> <span class='ocrx_word' id='word_1_83' title='bbox 863 1913 945 1976; x_wconf 82' lang='lat' dir='ltr'><strong>Isara</strong></span> <span class='ocrx_word' id='word_1_84' title='bbox 967 1912 1041 1976; x_wconf 85' lang='lat' dir='ltr'><strong>vidit</strong></span> <span class='ocrx_word' id='word_1_85' title='bbox 1062 1921 1092 1976; x_wconf 91' lang='lat' dir='ltr'><strong>et</strong></span> <span class='ocrx_word' id='word_1_86' title='bbox 1112 1913 1192 1978; x_wconf 85' lang='lat' dir='ltr'><strong>Hera</strong></span> 
     </span>
     <span class='ocr_line' id='line_1_14' title="bbox 405 2022 1351 2106; baseline 0.002 -20"><span class='ocrx_word' id='word_1_87' title='bbox 405 2023 603 2106; x_wconf 84' lang='lat' dir='ltr'><strong>Sequanaque</strong></span> <span class='ocrx_word' id='word_1_88' title='bbox 625 2031 714 2106; x_wconf 90' lang='lat' dir='ltr'><strong>stqus</strong></span> <span class='ocrx_word' id='word_1_89' title='bbox 735 2041 840 2086; x_wconf 91' lang='lat' dir='ltr'><strong>omnes</strong></span> <span class='ocrx_word' id='word_1_90' title='bbox 861 2022 962 2098; x_wconf 88' lang='lat' dir='ltr'><strong>valles,</strong></span> <span class='ocrx_word' id='word_1_91' title='bbox 986 2022 1072 2104; x_wconf 86' lang='lat' dir='ltr'><strong>queis</strong></span> <span class='ocrx_word' id='word_1_92' title='bbox 1091 2023 1200 2103; x_wconf 90' lang='lat' dir='ltr'><strong>plenus</strong></span> <span class='ocrx_word' id='word_1_93' title='bbox 1221 2024 1351 2088; x_wconf 86' lang='lat' dir='ltr'><strong>abundat</strong></span> 
     </span>
     <span class='ocr_line' id='line_1_15' title="bbox 405 2132 1309 2212; baseline 0 -16"><span class='ocrx_word' id='word_1_94' title='bbox 405 2134 534 2197; x_wconf 79' lang='lat' dir='ltr'><strong>Eichens</strong></span> <span class='ocrx_word' id='word_1_95' title='bbox 555 2133 728 2198; x_wconf 84' lang='lat' dir='ltr'><strong>Rhodanus.</strong></span> <span class='ocrx_word' id='word_1_96' title='bbox 772 2133 861 2206; x_wconf 86' lang='lat' dir='ltr'><strong>Quid,</strong></span> <span class='ocrx_word' id='word_1_97' title='bbox 884 2132 936 2196; x_wconf 94' lang='lat' dir='ltr'><strong>uhi</strong></span> <span class='ocrx_word' id='word_1_98' title='bbox 959 2141 1006 2194; x_wconf 95' lang='lat' dir='ltr'><strong>est</strong></span> <span class='ocrx_word' id='word_1_99' title='bbox 1027 2143 1147 2212; x_wconf 74' lang='lat' dir='ltr'><strong>egressa</strong></span> <span class='ocrx_word' id='word_1_100' title='bbox 1168 2134 1309 2198; x_wconf 83' lang='lat' dir='ltr'><strong>Ravenna</strong></span> 
     </span>
    </p>

    <p class='ocr_par' dir='ltr' id='par_1_5' title="bbox 356 2242 1357 2762">
     <span class='ocr_line' id='line_1_16' title="bbox 356 2242 1357 2326; baseline -0.004 -16"><span class='ocrx_word' id='word_1_101' title='bbox 356 2258 390 2312; x_wconf 80' lang='lat' dir='ltr'><strong>sd</strong></span> <span class='ocrx_word' id='word_1_102' title='bbox 406 2244 574 2326; x_wconf 80' lang='lat' dir='ltr'><strong>inrupitque</strong></span> <span class='ocrx_word' id='word_1_103' title='bbox 596 2260 714 2306; x_wconf 90' lang='lat' dir='ltr'><strong>smnsm</strong></span> <span class='ocrx_word' id='word_1_104' title='bbox 734 2242 930 2318; x_wconf 87' lang='lat' dir='ltr'><strong>Rubiconem,</strong></span> <span class='ocrx_word' id='word_1_105' title='bbox 951 2242 1027 2304; x_wconf 90' lang='lat' dir='ltr'><strong>baec</strong></span> <span class='ocrx_word' id='word_1_106' title='bbox 1048 2243 1150 2322; x_wconf 77' lang='lat' dir='ltr'><strong>gessit,</strong></span> <span class='ocrx_word' id='word_1_107' title='bbox 1173 2242 1203 2305; x_wconf 96' lang='lat' dir='ltr'><strong>id</strong></span> <span class='ocrx_word' id='word_1_108' title='bbox 1226 2243 1290 2308; x_wconf 89' lang='lat' dir='ltr'><strong>alae</strong></span> <span class='ocrx_word' id='word_1_109' title='bbox 1312 2254 1357 2307; x_wconf 91' lang='lat' dir='ltr'><strong>est</strong></span> 
     </span>
     <span class='ocr_line' id='line_1_17' title="bbox 407 2351 1348 2436; baseline 0.002 -22"><span class='ocrx_word' id='word_1_110' title='bbox 407 2353 498 2427; x_wconf 83' lang='lat' dir='ltr'><strong>Talis,</strong></span> <span class='ocrx_word' id='word_1_111' title='bbox 522 2362 553 2416; x_wconf 94' lang='lat' dir='ltr'><strong>ut</strong></span> <span class='ocrx_word' id='word_1_112' title='bbox 574 2353 653 2416; x_wconf 88' lang='lat' dir='ltr'><strong>hanc</strong></span> <span class='ocrx_word' id='word_1_113' title='bbox 674 2351 753 2414; x_wconf 89' lang='lat' dir='ltr'><strong>oculi</strong></span> <span class='ocrx_word' id='word_1_114' title='bbox 774 2352 852 2414; x_wconf 91' lang='lat' dir='ltr'><strong>haud</strong></span> <span class='ocrx_word' id='word_1_115' title='bbox 875 2360 1002 2432; x_wconf 76' lang='lat' dir='ltr'><strong>possent</strong></span> <span class='ocrx_word' id='word_1_116' title='bbox 1021 2371 1141 2416; x_wconf 86' lang='lat' dir='ltr'><strong>serrare</strong></span> <span class='ocrx_word' id='word_1_117' title='bbox 1164 2361 1348 2436; x_wconf 83' lang='lat' dir='ltr'><strong>sequentum,</strong></span> 
     </span>
     <span class='ocr_line' id='line_1_18' title="bbox 406 2459 1305 2543; baseline -0.001 -17"><span class='ocrx_word' id='word_1_118' title='bbox 406 2459 467 2526; x_wconf 88' lang='lat' dir='ltr'><strong>Noc</strong></span> <span class='ocrx_word' id='word_1_119' title='bbox 488 2462 606 2526; x_wconf 91' lang='lat' dir='ltr'><strong>scribae</strong></span> <span class='ocrx_word' id='word_1_120' title='bbox 629 2461 770 2526; x_wconf 88' lang='lat' dir='ltr'><strong>calamus.</strong></span> <span class='ocrx_word' id='word_1_121' title='bbox 814 2461 924 2525; x_wconf 83' lang='lat' dir='ltr'><strong>Contra</strong></span> <span class='ocrx_word' id='word_1_122' title='bbox 946 2461 1057 2543; x_wconf 86' lang='lat' dir='ltr'><strong>oppida</strong></span> <span class='ocrx_word' id='word_1_123' title='bbox 1079 2461 1196 2524; x_wconf 86' lang='lat' dir='ltr'><strong>iberica</strong></span> <span class='ocrx_word' id='word_1_124' title='bbox 1217 2463 1305 2526; x_wconf 80' lang='lat' dir='ltr'><strong>vertit</strong></span> 
     </span>
     <span class='ocr_line' id='line_1_19' title="bbox 404 2570 1279 2653; baseline -0.001 -18"><span class='ocrx_word' id='word_1_125' title='bbox 404 2572 528 2652; x_wconf 78' lang='lat' dir='ltr'><strong>hgmen,</strong></span> <span class='ocrx_word' id='word_1_126' title='bbox 551 2570 620 2634; x_wconf 89' lang='lat' dir='ltr'><strong>dein</strong></span> <span class='ocrx_word' id='word_1_127' title='bbox 641 2571 768 2653; x_wconf 85' lang='lat' dir='ltr'><strong>propius</strong></span> <span class='ocrx_word' id='word_1_128' title='bbox 789 2570 952 2652; x_wconf 75' lang='lat' dir='ltr'><strong>Dpraechia</strong></span> <span class='ocrx_word' id='word_1_129' title='bbox 972 2572 1101 2646; x_wconf 89' lang='lat' dir='ltr'><strong>moenia,</strong></span> <span class='ocrx_word' id='word_1_130' title='bbox 1124 2581 1155 2634; x_wconf 87' lang='lat' dir='ltr'><strong>et</strong></span> <span class='ocrx_word' id='word_1_131' title='bbox 1174 2573 1279 2634; x_wconf 85' lang='lat' dir='ltr'><strong>urbem</strong></span> 
     </span>
     <span class='ocr_line' id='line_1_20' title="bbox 405 2681 1162 2762; baseline -0.003 -16"><span class='ocrx_word' id='word_1_132' title='bbox 405 2681 570 2746; x_wconf 84' lang='lat' dir='ltr'><strong>Phsrsslnn</strong></span> <span class='ocrx_word' id='word_1_133' title='bbox 591 2681 667 2744; x_wconf 90' lang='lat' dir='ltr'><strong>adso</strong></span> <span class='ocrx_word' id='word_1_134' title='bbox 687 2681 847 2762; x_wconf 83' lang='lat' dir='ltr'><strong>percussit,</strong></span> <span class='ocrx_word' id='word_1_135' title='bbox 869 2689 902 2744; x_wconf 89' lang='lat' dir='ltr'><strong>ut</strong></span> <span class='ocrx_word' id='word_1_136' title='bbox 922 2699 1019 2762; x_wconf 90' lang='lat' dir='ltr'><strong>usque</strong></span> <span class='ocrx_word' id='word_1_137' title='bbox 1039 2691 1162 2761; x_wconf 76' lang='lat' dir='ltr'><strong>vagatus</strong></span> 
     </span>
    </p>

    <p class='ocr_par' dir='ltr' id='par_1_6' title="bbox 357 2789 1313 3311">
     <span class='ocr_line' id='line_1_21' title="bbox 357 2789 1101 2872; baseline -0.001 -19"><span class='ocrx_word' id='word_1_138' title='bbox 357 2801 391 2853; x_wconf 84' lang='lat'><strong>⁷⁰</strong></span> <span class='ocrx_word' id='word_1_139' title='bbox 407 2791 452 2853; x_wconf 78' lang='lat' dir='ltr'><strong>ad</strong></span> <span class='ocrx_word' id='word_1_140' title='bbox 472 2790 533 2852; x_wconf 87' lang='lat' dir='ltr'><strong>Nili</strong></span> <span class='ocrx_word' id='word_1_141' title='bbox 555 2789 667 2852; x_wconf 86' lang='lat' dir='ltr'><strong>calidas</strong></span> <span class='ocrx_word' id='word_1_142' title='bbox 687 2791 785 2853; x_wconf 90' lang='lat' dir='ltr'><strong>luctus</strong></span> <span class='ocrx_word' id='word_1_143' title='bbox 806 2792 976 2872; x_wconf 78' lang='lat' dir='ltr'><strong>pervenerit</strong></span> <span class='ocrx_word' id='word_1_144' title='bbox 995 2791 1101 2853; x_wconf 88' lang='lat' dir='ltr'><strong>undas.</strong></span> 
     </span>
     <span class='ocr_line' id='line_1_22' title="bbox 406 2898 1252 2982; baseline 0 -20"><span class='ocrx_word' id='word_1_145' title='bbox 406 2901 488 2962; x_wconf 85' lang='lat' dir='ltr'><strong>Haec</strong></span> <span class='ocrx_word' id='word_1_146' title='bbox 509 2898 616 2961; x_wconf 87' lang='lat' dir='ltr'><strong>iterum</strong></span> <span class='ocrx_word' id='word_1_147' title='bbox 637 2899 781 2964; x_wconf 77' lang='lat' dir='ltr'><strong>Antandm&#39;</strong></span> <span class='ocrx_word' id='word_1_148' title='bbox 804 2909 912 2962; x_wconf 83' lang='lat' dir='ltr'><strong>terram</strong></span> <span class='ocrx_word' id='word_1_149' title='bbox 927 2899 1148 2982; x_wconf 77' lang='lat' dir='ltr'><strong>,Simoentaque</strong></span> <span class='ocrx_word' id='word_1_150' title='bbox 1169 2899 1252 2974; x_wconf 85' lang='lat' dir='ltr'><strong>vidit,</strong></span> 
     </span>
     <span class='ocr_line' id='line_1_23' title="bbox 406 3008 1313 3092; baseline 0 -20"><span class='ocrx_word' id='word_1_151' title='bbox 406 3010 491 3073; x_wconf 87' lang='lat' dir='ltr'><strong>Unde</strong></span> <span class='ocrx_word' id='word_1_152' title='bbox 513 3008 586 3074; x_wconf 89' lang='lat' dir='ltr'><strong>olim</strong></span> <span class='ocrx_word' id='word_1_153' title='bbox 608 3009 731 3084; x_wconf 81' lang='lat' dir='ltr'><strong>exierat,</strong></span> <span class='ocrx_word' id='word_1_154' title='bbox 752 3009 933 3092; x_wconf 87' lang='lat' dir='ltr'><strong>bustumque</strong></span> <span class='ocrx_word' id='word_1_155' title='bbox 955 3010 1005 3072; x_wconf 93' lang='lat' dir='ltr'><strong>ubi</strong></span> <span class='ocrx_word' id='word_1_156' title='bbox 1026 3011 1173 3090; x_wconf 86' lang='lat' dir='ltr'><strong>procubat</strong></span> <span class='ocrx_word' id='word_1_157' title='bbox 1193 3011 1313 3084; x_wconf 87' lang='lat' dir='ltr'><strong>Hester,</strong></span> 
     </span>
     <span class='ocr_line' id='line_1_24' title="bbox 406 3118 1238 3201; baseline 0 -19"><span class='ocrx_word' id='word_1_158' title='bbox 406 3121 502 3201; x_wconf 75' lang='lat' dir='ltr'><strong>Atque</strong></span> <span class='ocrx_word' id='word_1_159' title='bbox 523 3119 555 3180; x_wconf 95' lang='lat' dir='ltr'><strong>in</strong></span> <span class='ocrx_word' id='word_1_160' title='bbox 576 3118 741 3200; x_wconf 84' lang='lat' dir='ltr'><strong>perniciem</strong></span> <span class='ocrx_word' id='word_1_161' title='bbox 763 3119 928 3183; x_wconf 82' lang='lat' dir='ltr'><strong>Ptolemaei</strong></span> <span class='ocrx_word' id='word_1_162' title='bbox 949 3119 1078 3201; x_wconf 90' lang='lat' dir='ltr'><strong>denique</strong></span> <span class='ocrx_word' id='word_1_163' title='bbox 1099 3138 1238 3182; x_wconf 86' lang='lat' dir='ltr'><strong>somnum</strong></span> 
     </span>
     <span class='ocr_line' id='line_1_25' title="bbox 406 3201 1259 3311; baseline 0 -19"><span class='ocrx_word' id='word_1_164' title='bbox 406 3229 510 3304; x_wconf 82' lang='lat' dir='ltr'><strong>Exuit3</strong></span> <span class='ocrx_word' id='word_1_165' title='bbox 532 3229 612 3292; x_wconf 89' lang='lat' dir='ltr'><strong>unde</strong></span> <span class='ocrx_word' id='word_1_166' title='bbox 632 3228 739 3292; x_wconf 87' lang='lat' dir='ltr'><strong>Juham</strong></span> <span class='ocrx_word' id='word_1_167' title='bbox 760 3248 943 3310; x_wconf 84' lang='lat' dir='ltr'><strong>oppressura</strong></span> <span class='ocrx_word' id='word_1_168' title='bbox 965 3229 1065 3311; x_wconf 88' lang='lat' dir='ltr'><strong>erupit</strong></span> <span class='ocrx_word' id='word_1_169' title='bbox 1085 3231 1123 3291; x_wconf 93' lang='lat' dir='ltr'><strong>ad</strong></span> <span class='ocrx_word' id='word_1_170' title='bbox 1145 3201 1259 3292; x_wconf 58' lang='lat' dir='ltr'><strong>instarx</strong></span> 
     </span>
    </p>

    <p class='ocr_par' dir='ltr' id='par_1_7' title="bbox 356 3338 1295 3531">
     <span class='ocr_line' id='line_1_26' title="bbox 356 3338 1295 3420; baseline 0.003 -20"><span class='ocrx_word' id='word_1_171' title='bbox 356 3348 389 3401; x_wconf 82' lang='lat'><strong>75</strong></span> <span class='ocrx_word' id='word_1_172' title='bbox 405 3339 558 3420; x_wconf 81' lang='lat' dir='ltr'><strong>Fulgoris:</strong></span> <span class='ocrx_word' id='word_1_173' title='bbox 580 3339 758 3420; x_wconf 87' lang='lat' dir='ltr'><strong>Hesperiam</strong></span> <span class='ocrx_word' id='word_1_174' title='bbox 779 3338 849 3402; x_wconf 92' lang='lat' dir='ltr'><strong>dein</strong></span> <span class='ocrx_word' id='word_1_175' title='bbox 870 3346 999 3402; x_wconf 83' lang='lat' dir='ltr'><strong>¹vestram</strong></span> <span class='ocrx_word' id='word_1_176' title='bbox 1021 3339 1166 3418; x_wconf 78' lang='lat' dir='ltr'><strong>ingressa,</strong></span> <span class='ocrx_word' id='word_1_177' title='bbox 1187 3339 1295 3402; x_wconf 84' lang='lat' dir='ltr'><strong>volarit</strong></span> 
     </span>
     <span class='ocr_line' id='line_1_27' title="bbox 405 3449 1089 3531; baseline -0.001 -19"><span class='ocrx_word' id='word_1_178' title='bbox 405 3449 655 3531; x_wconf 76' lang='lat' dir='ltr'><strong>Pompeianarum</strong></span> <span class='ocrx_word' id='word_1_179' title='bbox 676 3449 778 3513; x_wconf 90' lang='lat' dir='ltr'><strong>sonitu</strong></span> <span class='ocrx_word' id='word_1_180' title='bbox 798 3449 920 3512; x_wconf 82' lang='lat' dir='ltr'><strong>invitata</strong></span> <span class='ocrx_word' id='word_1_181' title='bbox 942 3449 1089 3512; x_wconf 87' lang='lat' dir='ltr'><strong>tubarum.</strong></span> 
     </span>
    </p>

    <p class='ocr_par' dir='ltr' id='par_1_8' title="bbox 447 3557 1257 3640">
     <span class='ocr_line' id='line_1_28' title="bbox 447 3557 1257 3640; baseline -0.001 -18"><span class='ocrx_word' id='word_1_182' title='bbox 447 3561 485 3622; x_wconf 78' lang='lat' dir='ltr'><strong>ht</strong></span> <span class='ocrx_word' id='word_1_183' title='bbox 507 3558 587 3640; x_wconf 90' lang='lat' dir='ltr'><strong>quod</strong></span> <span class='ocrx_word' id='word_1_184' title='bbox 609 3558 785 3639; x_wconf 77' lang='lat' dir='ltr'><strong>signiferum</strong></span> <span class='ocrx_word' id='word_1_185' title='bbox 807 3559 901 3638; x_wconf 73' lang='lat' dir='ltr'><strong>gessit</strong></span> <span class='ocrx_word' id='word_1_186' title='bbox 922 3557 1061 3621; x_wconf 88' lang='lat' dir='ltr'><strong>comitata</strong></span> <span class='ocrx_word' id='word_1_187' title='bbox 1083 3559 1257 3634; x_wconf 90' lang='lat' dir='ltr'><strong>secuudum,</strong></span> 
     </span>
    </p>

    <p class='ocr_par' dir='ltr' id='par_1_9' title="bbox 403 3667 1261 3860">
     <span class='ocr_line' id='line_1_29' title="bbox 405 3667 1166 3751; baseline -0.005 -18"><span class='ocrx_word' id='word_1_188' title='bbox 405 3671 440 3732; x_wconf 92' lang='lat' dir='ltr'><strong>ln</strong></span> <span class='ocrx_word' id='word_1_189' title='bbox 461 3678 538 3732; x_wconf 83' lang='lat' dir='ltr'><strong>tetro</strong></span> <span class='ocrx_word' id='word_1_190' title='bbox 559 3669 669 3732; x_wconf 87' lang='lat' dir='ltr'><strong>latrant</strong></span> <span class='ocrx_word' id='word_1_191' title='bbox 689 3668 857 3751; x_wconf 89' lang='lat' dir='ltr'><strong>Brutusque</strong></span> <span class='ocrx_word' id='word_1_192' title='bbox 880 3680 909 3734; x_wconf 88' lang='lat' dir='ltr'><strong>et</strong></span> <span class='ocrx_word' id='word_1_193' title='bbox 931 3667 1054 3731; x_wconf 80' lang='lat' dir='ltr'><strong>Cassius</strong></span> <span class='ocrx_word' id='word_1_194' title='bbox 1077 3667 1166 3742; x_wconf 86' lang='lat' dir='ltr'><strong>Orco,</strong></span> 
     </span>
     <span class='ocr_line' id='line_1_30' title="bbox 403 3777 1261 3860; baseline -0.001 -19"><span class='ocrx_word' id='word_1_195' title='bbox 403 3779 497 3860; x_wconf 90' lang='lat' dir='ltr'><strong>quue</strong></span> <span class='ocrx_word' id='word_1_196' title='bbox 519 3777 600 3840; x_wconf 89' lang='lat' dir='ltr'><strong>dolet</strong></span> <span class='ocrx_word' id='word_1_197' title='bbox 620 3777 742 3853; x_wconf 82' lang='lat' dir='ltr'><strong>Mutina,</strong></span> <span class='ocrx_word' id='word_1_198' title='bbox 765 3787 854 3858; x_wconf 91' lang='lat' dir='ltr'><strong>atque</strong></span> <span class='ocrx_word' id='word_1_199' title='bbox 877 3779 1001 3841; x_wconf 90' lang='lat' dir='ltr'><strong>obsessa</strong></span> <span class='ocrx_word' id='word_1_200' title='bbox 1022 3778 1149 3856; x_wconf 84' lang='lat' dir='ltr'><strong>Perugia</strong></span> <span class='ocrx_word' id='word_1_201' title='bbox 1170 3777 1261 3858; x_wconf 79' lang='lat' dir='ltr'><strong>luget.</strong></span> 
     </span>
    </p>

    <p class='ocr_par' dir='ltr' id='par_1_10' title="bbox 355 3886 1342 4409">
     <span class='ocr_line' id='line_1_31' title="bbox 355 3886 1187 3968; baseline 0.005 -20"><span class='ocrx_word' id='word_1_202' title='bbox 355 3894 389 3948; x_wconf 78' lang='lat'><strong>80</strong></span> <span class='ocrx_word' id='word_1_203' title='bbox 404 3889 490 3951; x_wconf 91' lang='lat' dir='ltr'><strong>Nunc</strong></span> <span class='ocrx_word' id='word_1_204' title='bbox 511 3887 601 3950; x_wconf 89' lang='lat' dir='ltr'><strong>etiam</strong></span> <span class='ocrx_word' id='word_1_205' title='bbox 623 3886 719 3948; x_wconf 89' lang='lat' dir='ltr'><strong>tristis</strong></span> <span class='ocrx_word' id='word_1_206' title='bbox 741 3888 839 3952; x_wconf 81' lang='lat' dir='ltr'><strong>fundit</strong></span> <span class='ocrx_word' id='word_1_207' title='bbox 861 3887 1019 3968; x_wconf 81' lang='lat' dir='ltr'><strong>Cleopatra</strong></span> <span class='ocrx_word' id='word_1_208' title='bbox 1041 3887 1187 3968; x_wconf 84' lang='lat' dir='ltr'><strong>querelas,</strong></span> 
     </span>
     <span class='ocr_line' id='line_1_32' title="bbox 405 3996 1342 4076; baseline 0.002 -16"><span class='ocrx_word' id='word_1_209' title='bbox 405 3998 488 4071; x_wconf 87' lang='lat' dir='ltr'><strong>Quae</strong></span> <span class='ocrx_word' id='word_1_210' title='bbox 510 3996 672 4062; x_wconf 84' lang='lat' dir='ltr'><strong>instantem</strong></span> <span class='ocrx_word' id='word_1_211' title='bbox 693 3997 821 4076; x_wconf 80' lang='lat' dir='ltr'><strong>fugiens,</strong></span> <span class='ocrx_word' id='word_1_212' title='bbox 845 3997 973 4062; x_wconf 89' lang='lat' dir='ltr'><strong>suhitam</strong></span> <span class='ocrx_word' id='word_1_213' title='bbox 996 3997 1055 4060; x_wconf 89' lang='lat' dir='ltr'><strong>sibi</strong></span> <span class='ocrx_word' id='word_1_214' title='bbox 1077 3997 1166 4060; x_wconf 83' lang='lat' dir='ltr'><strong>traxit</strong></span> <span class='ocrx_word' id='word_1_215' title='bbox 1187 3997 1223 4062; x_wconf 88' lang='lat' dir='ltr'><strong>ab</strong></span> <span class='ocrx_word' id='word_1_216' title='bbox 1245 4015 1342 4076; x_wconf 84' lang='lat' dir='ltr'><strong>angue</strong></span> 
     </span>
     <span class='ocr_line' id='line_1_33' title="bbox 403 4106 1307 4186; baseline 0.006 -19"><span class='ocrx_word' id='word_1_217' title='bbox 403 4107 499 4186; x_wconf 85' lang='lat' dir='ltr'><strong>Atque</strong></span> <span class='ocrx_word' id='word_1_218' title='bbox 521 4114 614 4168; x_wconf 88' lang='lat' dir='ltr'><strong>atram</strong></span> <span class='ocrx_word' id='word_1_219' title='bbox 635 4114 772 4168; x_wconf 86' lang='lat' dir='ltr'><strong>mortem.</strong></span> <span class='ocrx_word' id='word_1_220' title='bbox 815 4106 880 4168; x_wconf 86' lang='lat' dir='ltr'><strong>Hoc</strong></span> <span class='ocrx_word' id='word_1_221' title='bbox 901 4108 996 4169; x_wconf 83' lang='lat' dir='ltr'><strong>tontes</strong></span> <span class='ocrx_word' id='word_1_222' title='bbox 1016 4108 1142 4171; x_wconf 88' lang='lat' dir='ltr'><strong>ducente</strong></span> <span class='ocrx_word' id='word_1_223' title='bbox 1164 4117 1307 4182; x_wconf 85' lang='lat' dir='ltr'><strong>catervas,</strong></span> 
     </span>
     <span class='ocr_line' id='line_1_34' title="bbox 404 4196 1212 4299; baseline 0 -21"><span class='ocrx_word' id='word_1_224' title='bbox 404 4215 501 4278; x_wconf 90' lang='lat' dir='ltr'><strong>Littus</strong></span> <span class='ocrx_word' id='word_1_225' title='bbox 522 4216 559 4277; x_wconf 88' lang='lat' dir='ltr'><strong>ad</strong></span> <span class='ocrx_word' id='word_1_226' title='bbox 581 4196 686 4296; x_wconf 87' lang='lat' dir='ltr'><strong>usque</strong></span> <span class='ocrx_word' id='word_1_227' title='bbox 699 4215 791 4278; x_wconf 90' lang='lat' dir='ltr'><strong>maris</strong></span> <span class='ocrx_word' id='word_1_228' title='bbox 813 4215 896 4278; x_wconf 89' lang='lat' dir='ltr'><strong>rubri</strong></span> <span class='ocrx_word' id='word_1_229' title='bbox 918 4217 1062 4280; x_wconf 81' lang='lat' dir='ltr'><strong>discurrit</strong></span> <span class='ocrx_word' id='word_1_230' title='bbox 1083 4226 1122 4292; x_wconf 82' lang='lat' dir='ltr'><strong>ct,</strong></span> <span class='ocrx_word' id='word_1_231' title='bbox 1144 4216 1212 4299; x_wconf 89' lang='lat' dir='ltr'><strong>ipso</strong></span> 
     </span>
     <span class='ocr_line' id='line_1_35' title="bbox 403 4308 1223 4409; baseline 0.009 -23"><span class='ocrx_word' id='word_1_232' title='bbox 403 4326 543 4398; x_wconf 87' lang='lat' dir='ltr'><strong>Ductore,</strong></span> <span class='ocrx_word' id='word_1_233' title='bbox 565 4325 641 4388; x_wconf 91' lang='lat' dir='ltr'><strong>baec</strong></span> <span class='ocrx_word' id='word_1_234' title='bbox 661 4325 760 4406; x_wconf 90' lang='lat' dir='ltr'><strong>potuit</strong></span> <span class='ocrx_word' id='word_1_235' title='bbox 779 4326 923 4389; x_wconf 89' lang='lat' dir='ltr'><strong>mundum</strong></span> <span class='ocrx_word' id='word_1_236' title='bbox 946 4345 1127 4409; x_wconf 89' lang='lat' dir='ltr'><strong>componere</strong></span> <span class='ocrx_word' id='word_1_237' title='bbox 1148 4308 1223 4408; x_wconf 86' lang='lat' dir='ltr'><strong>pace</strong></span> 
     </span>
    </p>

    <p class='ocr_par' dir='ltr' id='par_1_11' title="bbox 354 4435 1177 4527">
     <span class='ocr_line' id='line_1_36' title="bbox 354 4435 1177 4527; baseline 0.004 -31"><span class='ocrx_word' id='word_1_238' title='bbox 354 4443 387 4497; x_wconf 83' lang='lat'><strong>85</strong></span> <span class='ocrx_word' id='word_1_239' title='bbox 405 4435 507 4508; x_wconf 88' lang='lat' dir='ltr'><strong>Tanta,</strong></span> <span class='ocrx_word' id='word_1_240' title='bbox 529 4443 563 4496; x_wconf 94' lang='lat' dir='ltr'><strong>ut</strong></span> <span class='ocrx_word' id='word_1_241' title='bbox 583 4442 730 4498; x_wconf 63' lang='lat' dir='ltr'><strong>sacratam,</strong></span> <span class='ocrx_word' id='word_1_242' title='bbox 750 4436 843 4506; x_wconf 86' lang='lat' dir='ltr'><strong>Janus</strong></span> <span class='ocrx_word' id='word_1_243' title='bbox 865 4437 923 4501; x_wconf 90' lang='lat' dir='ltr'><strong>sibi</strong></span> <span class='ocrx_word' id='word_1_244' title='bbox 945 4438 1052 4527; x_wconf 71' lang='lat' dir='ltr'><strong>viderit</strong></span> <span class='ocrx_word' id='word_1_245' title='bbox 1071 4438 1177 4502; x_wconf 89' lang='lat' dir='ltr'><strong>aedem</strong></span> 
     </span>
    </p>
   </div>
   <div class='ocr_carea' id='block_1_3' title="bbox 286 4566 903 4718">
    <p class='ocr_par' dir='ltr' id='par_1_12' title="bbox 286 4566 903 4718">
     <span class='ocr_line' id='line_1_37' title="bbox 286 4566 903 4718; baseline 0 0"><span class='ocrx_word' id='word_1_246' title='bbox 286 4566 903 4718; x_wconf 38' lang='lat' dir='ltr'><strong>L----,--⁹-</strong></span> 
     </span>
    </p>
   </div>
   <div class='ocr_carea' id='block_1_4' title="bbox 0 0 1622 5396">
    <p class='ocr_par' dir='ltr' id='par_1_13' title="bbox 0 0 1622 5396">
     <span class='ocr_line' id='line_1_38' title="bbox 0 0 1622 5396; baseline 0 0"><span class='ocrx_word' id='word_1_247' title='bbox 0 0 1622 5396; x_wconf 95' lang='lat' dir='ltr'><strong> </strong></span> 
     </span>
    </p>
   </div>
  </div>
 </body>
</html>
