3362 5414
286 542 376 588 xurttl
795 523 861 576 vm
885 523 1015 576 PleZdE.

286 711 382 784 sino,
403 708 467 772 viro
488 719 550 772 tam
571 705 690 788 generis
710 704 865 770 nobilitato
887 725 976 788 quam
997 705 1167 772 eruditione
1188 714 1219 770 et
1240 706 1524 774 urnanitaceclaris·

286 810 374 883 simo,
396 809 449 873 sed
467 809 531 891 jam
543 816 743 890 praemortuo,
765 826 881 872 sacram
894 826 961 872 esse
973 807 1116 887 voluerat)
1129 808 1160 872 in
1172 807 1278 890 vulgus
1292 810 1438 886 ederetur,
1453 828 1525 876 cura

289 911 450 975 commissa
472 918 517 972 est
538 909 608 972 fidei
629 907 759 990 nepotis.

369 1013 437 1075 Fuit
455 1012 564 1073 szzn
586 1018 696 1074 statiua
717 1027 875 1090 procerus,
907 1007 1001 1073 oculis
1028 1010 1140 1090 regetis
1162 1011 1393 1092 acerrimisque,
1426 1012 1523 1091 grauis

287 1111 484 1193 omnibusque
506 1120 664 1192 spectatus,
686 1109 783 1174 lucilis
805 1111 925 1190 quidem
946 1109 1252 1176 adconversationem
1265 1112 1522 1194 atquelacundus,

287 1214 341 1278 sed
370 1215 406 1276 ad
429 1214 516 1276 uitam
536 1211 573 1275 ab
595 1211 749 1274 hominum
776 1212 957 1275 commercio
984 1223 1130 1277 mmotam
1156 1213 1329 1294 proclivior·
1377 1214 1523 1294 Propriae

287 1315 422 1379 utilitatis
444 1307 600 1378 immemor
624 1313 657 1386 id
684 1331 775 1376 unum
797 1311 911 1391 agebat,
937 1324 971 1375 ut
991 1313 1095 1377 amicis
1123 1313 1261 1388 serviret,
1290 1332 1402 1395 suaque
1430 1331 1523 1394 opera

288 1417 363 1480 alios
387 1415 512 1498 juraret.
560 1415 682 1478 Summa
708 1431 779 1477 vero
807 1412 961 1490 integritas
987 1413 1057 1488 viri,
1090 1421 1204 1478 rectum
1227 1414 1373 1498 judicium
1400 1422 1431 1478 et
1459 1413 1522 1478 elo·

288 1517 406 1599 quenda
428 1516 465 1579 ad
486 1515 725 1596 persuadendum
747 1513 1054 1578 accommodatissima
1074 1533 1143 1580 raro
1164 1535 1252 1598 passa
1266 1523 1344 1590 surrt,
1365 1522 1397 1578 ut
1418 1515 1525 1578 alienis

287 1617 415 1696 negotiis
437 1635 522 1680 suam
541 1616 654 1678 trustra
674 1614 879 1696 interponeret
899 1615 1112 1680 auctoritatem.
1161 1617 1318 1692 Assiduus,
1340 1635 1407 1698 quo
1420 1615 1523 1678 literas

287 1719 397 1792 dilexit,
412 1735 505 1792 amor,
527 1734 822 1797 operosorum,quae
844 1716 1020 1798 composuit,
1033 1737 1157 1799 operum
1166 1717 1357 1801 praestantia,
1380 1715 1523 1780 sanctitas

287 1819 472 1898 evangeliea,
500 1835 603 1898 quam,
632 1836 722 1898 quum
745 1817 917 1880 concionari
938 1817 1087 1882 interdum
1114 1819 1142 1882 ei
1165 1820 1364 1900 contingeret,
1392 1835 1410 1880 e
1436 1835 1524 1880 sacro

287 1927 428 2000 suggestu
449 1915 636 1982 auditoribus
658 1919 832 1997 eloquenter
854 1919 1087 1995 commendabat,
1110 1919 1222 1984 illibata
1242 1921 1319 1984 vitae
1337 1917 1525 1998 simplicitate

286 2021 431 2104 probarit,
450 2019 561 2082 uirenti
582 2017 730 2082 bonorum
752 2009 883 2082 oninium
904 2019 1140 2086 conciliaverunt
1158 2022 1298 2088 allectum
1319 2029 1350 2084 et
1364 2018 1525 2082 observatu·

287 2122 368 2198 dam,
390 2121 531 2185 defuncto
551 2119 726 2212 memoriam
748 2127 778 2184 ct
798 2119 989 2186 desiderium.
1017 2115 1021 2128 ‘
