<?xml version="1.0" encoding="UTF-8"?>
<!DOCTYPE html PUBLIC "-//W3C//DTD XHTML 1.0 Transitional//EN"
    "http://www.w3.org/TR/xhtml1/DTD/xhtml1-transitional.dtd">
<html xmlns="http://www.w3.org/1999/xhtml" xml:lang="en" lang="en">
 <head>
  <title>
</title>
<meta http-equiv="Content-Type" content="text/html;charset=utf-8" />
  <meta name='ocr-system' content='tesseract 3.04.00' />
  <meta name='ocr-capabilities' content='ocr_page ocr_carea ocr_par ocr_line ocrx_word'/>
</head>
<body>
  <div class='ocr_page' id='page_1' title='image "./divinacomoedia01piazgoog_0175.png"; bbox 0 0 3236 5394; ppageno 0'>
   <div class='ocr_carea' id='block_1_1' title="bbox 344 581 1054 644">
    <p class='ocr_par' dir='ltr' id='par_1_1' title="bbox 344 581 1054 644">
     <span class='ocr_line' id='line_1_1' title="bbox 344 581 1054 644; baseline -0.013 -2"><span class='ocrx_word' id='word_1_1' title='bbox 344 581 404 644; x_wconf 81' lang='lat'>118</span> <span class='ocrx_word' id='word_1_2' title='bbox 767 583 959 635; x_wconf 83' lang='grc'><strong>1111111111</strong></span> <span class='ocrx_word' id='word_1_3' title='bbox 977 583 1054 634; x_wconf 88' lang='grc'><strong>1111.</strong></span> 
     </span>
    </p>
   </div>
   <div class='ocr_carea' id='block_1_2' title="bbox 341 801 1436 2744">
    <p class='ocr_par' dir='ltr' id='par_1_2' title="bbox 341 801 1436 2744">
     <span class='ocr_line' id='line_1_2' title="bbox 408 801 1273 880; baseline -0.001 -15"><span class='ocrx_word' id='word_1_4' title='bbox 408 801 580 865; x_wconf 84' lang='lat' dir='ltr'>Hortantem</span> <span class='ocrx_word' id='word_1_5' title='bbox 602 801 679 864; x_wconf 90' lang='lat' dir='ltr'>baud</span> <span class='ocrx_word' id='word_1_6' title='bbox 701 801 793 864; x_wconf 85' lang='lat' dir='ltr'>velles</span> <span class='ocrx_word' id='word_1_7' title='bbox 815 809 844 864; x_wconf 92' lang='lat' dir='ltr'>te</span> <span class='ocrx_word' id='word_1_8' title='bbox 866 802 952 880; x_wconf 83' lang='lat' dir='ltr'>longa</span> <span class='ocrx_word' id='word_1_9' title='bbox 974 801 1095 880; x_wconf 83' lang='lat' dir='ltr'>ambage</span> <span class='ocrx_word' id='word_1_10' title='bbox 1117 811 1273 864; x_wconf 88' lang='lat' dir='ltr'>moratum.</span> 
     </span>
     <span class='ocr_line' id='line_1_3' title="bbox 451 911 1146 990; baseline 0 -18"><span class='ocrx_word' id='word_1_11' title='bbox 451 911 512 972; x_wconf 91' lang='lat' dir='ltr'>llos</span> <span class='ocrx_word' id='word_1_12' title='bbox 536 931 590 990; x_wconf 86' lang='lat' dir='ltr'>ego</span> <span class='ocrx_word' id='word_1_13' title='bbox 613 912 705 973; x_wconf 85' lang='lat' dir='ltr'>delixa</span> <span class='ocrx_word' id='word_1_14' title='bbox 729 929 884 974; x_wconf 85' lang='lat' dir='ltr'>sermones</span> <span class='ocrx_word' id='word_1_15' title='bbox 907 931 977 974; x_wconf 88' lang='lat' dir='ltr'>aure</span> <span class='ocrx_word' id='word_1_16' title='bbox 998 911 1146 984; x_wconf 77' lang='lat' dir='ltr'>bibebam,</span> 
     </span>
     <span class='ocr_line' id='line_1_4' title="bbox 409 1021 1258 1100; baseline 0.004 -19"><span class='ocrx_word' id='word_1_17' title='bbox 409 1021 483 1082; x_wconf 87' lang='lat' dir='ltr'>Cum</span> <span class='ocrx_word' id='word_1_18' title='bbox 504 1022 576 1082; x_wconf 84' lang='lat' dir='ltr'>milti</span> <span class='ocrx_word' id='word_1_19' title='bbox 598 1029 775 1100; x_wconf 87' lang='lat' dir='ltr'>praeceptor</span> <span class='ocrx_word' id='word_1_20' title='bbox 796 1021 964 1084; x_wconf 79' lang='lat' dir='ltr'>subtristis:</span> <span class='ocrx_word' id='word_1_21' title='bbox 987 1021 1146 1100; x_wconf 85' lang='lat' dir='ltr'>Prospice,</span> <span class='ocrx_word' id='word_1_22' title='bbox 1170 1023 1258 1097; x_wconf 69' lang='lat' dir='ltr'>dixit,</span> 
     </span>
     <span class='ocr_line' id='line_1_5' title="bbox 408 1130 1436 1212; baseline 0.003 -21"><span class='ocrx_word' id='word_1_23' title='bbox 408 1131 540 1209; x_wconf 81' lang='lat' dir='ltr'>Namque</span> <span class='ocrx_word' id='word_1_24' title='bbox 561 1149 666 1212; x_wconf 90' lang='lat' dir='ltr'>parum</span> <span class='ocrx_word' id='word_1_25' title='bbox 688 1131 777 1194; x_wconf 89' lang='lat' dir='ltr'>modo</span> <span class='ocrx_word' id='word_1_26' title='bbox 800 1130 903 1202; x_wconf 87' lang='lat' dir='ltr'>abest,</span> <span class='ocrx_word' id='word_1_27' title='bbox 928 1131 999 1209; x_wconf 88' lang='lat' dir='ltr'>quin</span> <span class='ocrx_word' id='word_1_28' title='bbox 1022 1139 1119 1194; x_wconf 90' lang='lat' dir='ltr'>tecum</span> <span class='ocrx_word' id='word_1_29' title='bbox 1141 1131 1288 1212; x_wconf 82' lang='lat' dir='ltr'>injurgia</span> <span class='ocrx_word' id='word_1_30' title='bbox 1311 1151 1436 1212; x_wconf 77' lang='lat' dir='ltr'>surgam.</span> 
     </span>
     <span class='ocr_line' id='line_1_6' title="bbox 344 1239 1297 1320; baseline 0.007 -24"><span class='ocrx_word' id='word_1_31' title='bbox 344 1245 392 1296; x_wconf 81' lang='lat'>130</span> <span class='ocrx_word' id='word_1_32' title='bbox 452 1241 548 1313; x_wconf 84' lang='lat' dir='ltr'>Quem</span> <span class='ocrx_word' id='word_1_33' title='bbox 571 1239 658 1302; x_wconf 89' lang='lat' dir='ltr'>simul</span> <span class='ocrx_word' id='word_1_34' title='bbox 681 1241 787 1302; x_wconf 89' lang='lat' dir='ltr'>iratum</span> <span class='ocrx_word' id='word_1_35' title='bbox 810 1241 906 1302; x_wconf 86' lang='lat' dir='ltr'>audivi</span> <span class='ocrx_word' id='word_1_36' title='bbox 929 1241 1017 1304; x_wconf 84' lang='lat' dir='ltr'>verba</span> <span class='ocrx_word' id='word_1_37' title='bbox 1040 1242 1095 1303; x_wconf 84' lang='lat' dir='ltr'>ista</span> <span class='ocrx_word' id='word_1_38' title='bbox 1117 1241 1297 1320; x_wconf 89' lang='lat' dir='ltr'>loquentem,</span> 
     </span>
     <span class='ocr_line' id='line_1_7' title="bbox 408 1350 1266 1431; baseline 0 -19"><span class='ocrx_word' id='word_1_39' title='bbox 408 1351 544 1423; x_wconf 78' lang='lat' dir='ltr'>Accessi,</span> <span class='ocrx_word' id='word_1_40' title='bbox 566 1351 729 1431; x_wconf 80' lang='lat' dir='ltr'>puduitque</span> <span class='ocrx_word' id='word_1_41' title='bbox 752 1350 842 1422; x_wconf 88' lang='lat' dir='ltr'>adeo,</span> <span class='ocrx_word' id='word_1_42' title='bbox 865 1359 897 1411; x_wconf 90' lang='lat' dir='ltr'>ut</span> <span class='ocrx_word' id='word_1_43' title='bbox 918 1351 1016 1430; x_wconf 91' lang='lat' dir='ltr'>pudor</span> <span class='ocrx_word' id='word_1_44' title='bbox 1036 1352 1138 1412; x_wconf 90' lang='lat' dir='ltr'>intima</span> <span class='ocrx_word' id='word_1_45' title='bbox 1159 1351 1266 1412; x_wconf 89' lang='lat' dir='ltr'>mentis</span> 
     </span>
     <span class='ocr_line' id='line_1_8' title="bbox 408 1457 1265 1540; baseline -0.001 -18"><span class='ocrx_word' id='word_1_46' title='bbox 408 1461 493 1522; x_wconf 84' lang='lat' dir='ltr'>Nunc</span> <span class='ocrx_word' id='word_1_47' title='bbox 515 1479 634 1540; x_wconf 89' lang='lat' dir='ltr'>quoque</span> <span class='ocrx_word' id='word_1_48' title='bbox 655 1457 810 1538; x_wconf 77' lang='lat' dir='ltr'>pervadat,</span> <span class='ocrx_word' id='word_1_49' title='bbox 834 1468 936 1539; x_wconf 90' lang='lat' dir='ltr'>repeto</span> <span class='ocrx_word' id='word_1_50' title='bbox 960 1459 1029 1522; x_wconf 81' lang='lat' dir='ltr'>dunt</span> <span class='ocrx_word' id='word_1_51' title='bbox 1050 1460 1118 1522; x_wconf 85' lang='lat' dir='ltr'>talia</span> <span class='ocrx_word' id='word_1_52' title='bbox 1140 1479 1265 1522; x_wconf 86' lang='lat' dir='ltr'>mecum.</span> 
     </span>
     <span class='ocr_line' id='line_1_9' title="bbox 408 1569 1245 1649; baseline -0.002 -17"><span class='ocrx_word' id='word_1_53' title='bbox 408 1570 560 1632; x_wconf 80' lang='lat' dir='ltr'>devoluti</span> <span class='ocrx_word' id='word_1_54' title='bbox 583 1569 751 1634; x_wconf 79' lang='lat' dir='ltr'>insomnis</span> <span class='ocrx_word' id='word_1_55' title='bbox 774 1589 827 1631; x_wconf 88' lang='lat' dir='ltr'>sua</span> <span class='ocrx_word' id='word_1_56' title='bbox 850 1570 901 1649; x_wconf 91' lang='lat' dir='ltr'>qui</span> <span class='ocrx_word' id='word_1_57' title='bbox 924 1570 981 1631; x_wconf 89' lang='lat' dir='ltr'>sibi</span> <span class='ocrx_word' id='word_1_58' title='bbox 1004 1571 1110 1632; x_wconf 88' lang='lat' dir='ltr'>damna</span> <span class='ocrx_word' id='word_1_59' title='bbox 1131 1571 1245 1648; x_wconf 84' lang='lat' dir='ltr'>figurat,</span> 
     </span>
     <span class='ocr_line' id='line_1_10' title="bbox 388 1672 1269 1752; baseline -0.003 -9"><span class='ocrx_word' id='word_1_60' title='bbox 388 1672 529 1744; x_wconf 77' lang='lat' dir='ltr'>‘Somnia</span> <span class='ocrx_word' id='word_1_61' title='bbox 550 1679 621 1740; x_wconf 90' lang='lat' dir='ltr'>dum</span> <span class='ocrx_word' id='word_1_62' title='bbox 643 1677 761 1752; x_wconf 91' lang='lat' dir='ltr'>ludunt,</span> <span class='ocrx_word' id='word_1_63' title='bbox 784 1677 888 1741; x_wconf 87' lang='lat' dir='ltr'>ludant</span> <span class='ocrx_word' id='word_1_64' title='bbox 910 1680 1000 1742; x_wconf 89' lang='lat' dir='ltr'>modo</span> <span class='ocrx_word' id='word_1_65' title='bbox 1022 1679 1137 1740; x_wconf 89' lang='lat' dir='ltr'>somnia</span> <span class='ocrx_word' id='word_1_66' title='bbox 1159 1679 1269 1742; x_wconf 80' lang='lat' dir='ltr'>mavult</span> 
     </span>
     <span class='ocr_line' id='line_1_11' title="bbox 342 1787 1243 1868; baseline 0.006 -22"><span class='ocrx_word' id='word_1_67' title='bbox 342 1793 389 1847; x_wconf 76' lang='lat' dir='ltr'>lab</span> <span class='ocrx_word' id='word_1_68' title='bbox 408 1790 472 1860; x_wconf 88' lang='lat' dir='ltr'>Sic,</span> <span class='ocrx_word' id='word_1_69' title='bbox 496 1797 528 1850; x_wconf 90' lang='lat' dir='ltr'>ut</span> <span class='ocrx_word' id='word_1_70' title='bbox 550 1787 693 1866; x_wconf 89' lang='lat' dir='ltr'>quidquid</span> <span class='ocrx_word' id='word_1_71' title='bbox 716 1789 814 1862; x_wconf 84' lang='lat' dir='ltr'>adast,</span> <span class='ocrx_word' id='word_1_72' title='bbox 839 1789 959 1850; x_wconf 89' lang='lat' dir='ltr'>omnino</span> <span class='ocrx_word' id='word_1_73' title='bbox 983 1795 1100 1868; x_wconf 81' lang='lat' dir='ltr'>exoptat</span> <span class='ocrx_word' id='word_1_74' title='bbox 1121 1789 1243 1851; x_wconf 80' lang='lat' dir='ltr'>abesse:</span> 
     </span>
     <span class='ocr_line' id='line_1_12' title="bbox 408 1898 1290 1976; baseline 0 -16"><span class='ocrx_word' id='word_1_75' title='bbox 408 1899 489 1960; x_wconf 85' lang='lat' dir='ltr'>Talis</span> <span class='ocrx_word' id='word_1_76' title='bbox 512 1915 567 1976; x_wconf 85' lang='lat' dir='ltr'>ego</span> <span class='ocrx_word' id='word_1_77' title='bbox 590 1898 774 1970; x_wconf 65' lang='lat' dir='ltr'>aduiteram,</span> <span class='ocrx_word' id='word_1_78' title='bbox 799 1915 866 1958; x_wconf 91' lang='lat' dir='ltr'>cum</span> <span class='ocrx_word' id='word_1_79' title='bbox 889 1899 1029 1960; x_wconf 81' lang='lat' dir='ltr'>deessent</span> <span class='ocrx_word' id='word_1_80' title='bbox 1050 1899 1139 1960; x_wconf 83' lang='lat' dir='ltr'>rerba</span> <span class='ocrx_word' id='word_1_81' title='bbox 1161 1901 1290 1960; x_wconf 86' lang='lat' dir='ltr'>studenti</span> 
     </span>
     <span class='ocr_line' id='line_1_13' title="bbox 406 2008 1156 2087; baseline 0.001 -18"><span class='ocrx_word' id='word_1_82' title='bbox 406 2008 508 2070; x_wconf 87' lang='lat' dir='ltr'>Errori</span> <span class='ocrx_word' id='word_1_83' title='bbox 531 2025 665 2069; x_wconf 79' lang='lat' dir='ltr'>caussam</span> <span class='ocrx_word' id='word_1_84' title='bbox 689 2015 791 2070; x_wconf 90' lang='lat' dir='ltr'>nostro</span> <span class='ocrx_word' id='word_1_85' title='bbox 814 2017 1003 2087; x_wconf 77' lang='lat' dir='ltr'>praetexere3</span> <span class='ocrx_word' id='word_1_86' title='bbox 1027 2015 1055 2069; x_wconf 91' lang='lat' dir='ltr'>at</span> <span class='ocrx_word' id='word_1_87' title='bbox 1076 2009 1156 2070; x_wconf 89' lang='lat' dir='ltr'>istud</span> 
     </span>
     <span class='ocr_line' id='line_1_14' title="bbox 405 2117 1300 2202; baseline -0.003 -20"><span class='ocrx_word' id='word_1_88' title='bbox 405 2119 529 2182; x_wconf 81' lang='lat' dir='ltr'>Fecerat</span> <span class='ocrx_word' id='word_1_89' title='bbox 551 2117 729 2197; x_wconf 85' lang='lat' dir='ltr'>adspectus,</span> <span class='ocrx_word' id='word_1_90' title='bbox 754 2118 833 2196; x_wconf 90' lang='lat' dir='ltr'>quod</span> <span class='ocrx_word' id='word_1_91' title='bbox 855 2135 903 2177; x_wconf 87' lang='lat' dir='ltr'>nte</span> <span class='ocrx_word' id='word_1_92' title='bbox 925 2117 1003 2179; x_wconf 89' lang='lat' dir='ltr'>baud</span> <span class='ocrx_word' id='word_1_93' title='bbox 1026 2119 1135 2180; x_wconf 82' lang='lat' dir='ltr'>secisse</span> <span class='ocrx_word' id='word_1_94' title='bbox 1157 2127 1300 2202; x_wconf 75' lang='lat' dir='ltr'>putarem,</span> 
     </span>
     <span class='ocr_line' id='line_1_15' title="bbox 449 2226 1142 2308; baseline 0.001 -20"><span class='ocrx_word' id='word_1_95' title='bbox 449 2228 541 2308; x_wconf 86' lang='lat' dir='ltr'>Culpa</span> <span class='ocrx_word' id='word_1_96' title='bbox 563 2235 612 2288; x_wconf 88' lang='lat' dir='ltr'>tua</span> <span class='ocrx_word' id='word_1_97' title='bbox 634 2226 730 2308; x_wconf 85' lang='lat' dir='ltr'>major</span> <span class='ocrx_word' id='word_1_98' title='bbox 751 2233 831 2288; x_wconf 89' lang='lat' dir='ltr'>tanto</span> <span class='ocrx_word' id='word_1_99' title='bbox 854 2229 1006 2306; x_wconf 80' lang='lat' dir='ltr'>purganda</span> <span class='ocrx_word' id='word_1_100' title='bbox 1028 2228 1142 2306; x_wconf 86' lang='lat' dir='ltr'>pudore</span> 
     </span>
     <span class='ocr_line' id='line_1_16' title="bbox 341 2336 1152 2414; baseline 0 -16"><span class='ocrx_word' id='word_1_101' title='bbox 341 2339 472 2400; x_wconf 77' lang='lat' dir='ltr'>multon</span> <span class='ocrx_word' id='word_1_102' title='bbox 496 2345 592 2409; x_wconf 71' lang='lat' dir='ltr'>esset,</span> <span class='ocrx_word' id='word_1_103' title='bbox 616 2353 706 2414; x_wconf 87' lang='lat' dir='ltr'>quare</span> <span class='ocrx_word' id='word_1_104' title='bbox 728 2336 777 2396; x_wconf 93' lang='lat' dir='ltr'>bic</span> <span class='ocrx_word' id='word_1_105' title='bbox 799 2336 880 2397; x_wconf 89' lang='lat' dir='ltr'>omni</span> <span class='ocrx_word' id='word_1_106' title='bbox 902 2345 931 2398; x_wconf 91' lang='lat' dir='ltr'>te</span> <span class='ocrx_word' id='word_1_107' title='bbox 952 2337 1018 2398; x_wconf 86' lang='lat' dir='ltr'>labe</span> <span class='ocrx_word' id='word_1_108' title='bbox 1039 2337 1152 2410; x_wconf 86' lang='lat' dir='ltr'>levavit,</span> 
     </span>
     <span class='ocr_line' id='line_1_17' title="bbox 403 2447 1250 2525; baseline 0 -17"><span class='ocrx_word' id='word_1_109' title='bbox 403 2449 517 2516; x_wconf 85' lang='lat' dir='ltr'>Doctor</span> <span class='ocrx_word' id='word_1_110' title='bbox 538 2447 592 2517; x_wconf 91' lang='lat' dir='ltr'>ait,</span> <span class='ocrx_word' id='word_1_111' title='bbox 615 2464 723 2524; x_wconf 84' lang='lat' dir='ltr'>meque</span> <span class='ocrx_word' id='word_1_112' title='bbox 745 2465 841 2525; x_wconf 86' lang='lat' dir='ltr'>usque</span> <span class='ocrx_word' id='word_1_113' title='bbox 863 2454 933 2525; x_wconf 88' lang='lat' dir='ltr'>puta</span> <span class='ocrx_word' id='word_1_114' title='bbox 954 2454 984 2508; x_wconf 87' lang='grc'>11</span> <span class='ocrx_word' id='word_1_115' title='bbox 1007 2463 1129 2508; x_wconf 85' lang='lat' dir='ltr'>cernere</span> <span class='ocrx_word' id='word_1_116' title='bbox 1152 2465 1250 2510; x_wconf 91' lang='lat' dir='ltr'>coram</span> 
     </span>
     <span class='ocr_line' id='line_1_18' title="bbox 406 2556 1148 2634; baseline 0.004 -17"><span class='ocrx_word' id='word_1_117' title='bbox 406 2556 592 2628; x_wconf 83' lang='lat' dir='ltr'>Adstantem,</span> <span class='ocrx_word' id='word_1_118' title='bbox 616 2556 641 2616; x_wconf 86' lang='lat' dir='ltr'>si</span> <span class='ocrx_word' id='word_1_119' title='bbox 665 2557 741 2617; x_wconf 86' lang='lat' dir='ltr'>torte</span> <span class='ocrx_word' id='word_1_120' title='bbox 762 2557 827 2634; x_wconf 88' lang='lat' dir='ltr'>pari</span> <span class='ocrx_word' id='word_1_121' title='bbox 850 2557 1009 2618; x_wconf 82' lang='lat' dir='ltr'>certamine</span> <span class='ocrx_word' id='word_1_122' title='bbox 1031 2565 1148 2634; x_wconf 77' lang='lat' dir='ltr'>gentem</span> 
     </span>
     <span class='ocr_line' id='line_1_19' title="bbox 406 2665 1202 2744; baseline -0.004 -15"><span class='ocrx_word' id='word_1_123' title='bbox 406 2667 556 2738; x_wconf 79' lang='lat' dir='ltr'>Inlensam</span> <span class='ocrx_word' id='word_1_124' title='bbox 579 2666 727 2728; x_wconf 79' lang='lat' dir='ltr'>offendas:</span> <span class='ocrx_word' id='word_1_125' title='bbox 752 2666 781 2727; x_wconf 91' lang='lat' dir='ltr'>id</span> <span class='ocrx_word' id='word_1_126' title='bbox 805 2665 879 2728; x_wconf 84' lang='lat' dir='ltr'>velle</span> <span class='ocrx_word' id='word_1_127' title='bbox 901 2667 1002 2728; x_wconf 91' lang='lat' dir='ltr'>audire</span> <span class='ocrx_word' id='word_1_128' title='bbox 1023 2666 1125 2744; x_wconf 88' lang='lat' dir='ltr'>pusilli</span> <span class='ocrx_word' id='word_1_129' title='bbox 1148 2675 1202 2728; x_wconf 84' lang='lat' dir='ltr'>ast.</span> 
     </span>
    </p>
   </div>
   <div class='ocr_carea' id='block_1_3' title="bbox 880 2925 994 3009">
    <p class='ocr_par' dir='ltr' id='par_1_3' title="bbox 880 2925 994 3009">
     <span class='ocr_line' id='line_1_20' title="bbox 880 2925 994 3009; baseline 0 -1"><span class='ocrx_word' id='word_1_130' title='bbox 880 2925 994 3009; x_wconf 80' lang='lat' dir='ltr'>XXXl·</span> 
     </span>
    </p>
   </div>
   <div class='ocr_carea' id='block_1_4' title="bbox 356 3105 1350 4609">
    <p class='ocr_par' dir='ltr' id='par_1_4' title="bbox 356 3105 1350 4609">
     <span class='ocr_line' id='line_1_21' title="bbox 448 3105 1350 3184; baseline 0.002 -18"><span class='ocrx_word' id='word_1_131' title='bbox 448 3105 511 3166; x_wconf 91' lang='lat' dir='ltr'>Una</span> <span class='ocrx_word' id='word_1_132' title='bbox 533 3105 695 3183; x_wconf 88' lang='lat' dir='ltr'>eademque</span> <span class='ocrx_word' id='word_1_133' title='bbox 717 3105 800 3183; x_wconf 88' lang='lat' dir='ltr'>prius</span> <span class='ocrx_word' id='word_1_134' title='bbox 822 3123 870 3166; x_wconf 87' lang='lat' dir='ltr'>me</span> <span class='ocrx_word' id='word_1_135' title='bbox 892 3105 991 3182; x_wconf 81' lang='lat' dir='ltr'>lingua</span> <span class='ocrx_word' id='word_1_136' title='bbox 1013 3105 1186 3176; x_wconf 87' lang='lat' dir='ltr'>momordit,</span> <span class='ocrx_word' id='word_1_137' title='bbox 1209 3113 1350 3184; x_wconf 88' lang='lat' dir='ltr'>utrasque</span> 
     </span>
     <span class='ocr_line' id='line_1_22' title="bbox 406 3213 1173 3295; baseline 0.003 -21"><span class='ocrx_word' id='word_1_138' title='bbox 406 3215 538 3275; x_wconf 83' lang='lat' dir='ltr'>Tinxerit</span> <span class='ocrx_word' id='word_1_139' title='bbox 559 3223 590 3274; x_wconf 90' lang='lat' dir='ltr'>ut</span> <span class='ocrx_word' id='word_1_140' title='bbox 612 3214 717 3286; x_wconf 86' lang='lat' dir='ltr'>malas,</span> <span class='ocrx_word' id='word_1_141' title='bbox 740 3214 943 3292; x_wconf 77' lang='lat' dir='ltr'>meditataque</span> <span class='ocrx_word' id='word_1_142' title='bbox 965 3223 1069 3293; x_wconf 86' lang='lat' dir='ltr'>postea</span> <span class='ocrx_word' id='word_1_143' title='bbox 1089 3213 1173 3295; x_wconf 84' lang='lat' dir='ltr'>juvit.</span> 
     </span>
     <span class='ocr_line' id='line_1_23' title="bbox 406 3323 1091 3398; baseline 0 -14"><span class='ocrx_word' id='word_1_144' title='bbox 406 3324 502 3396; x_wconf 84' lang='lat' dir='ltr'>Talis,</span> <span class='ocrx_word' id='word_1_145' title='bbox 524 3331 557 3384; x_wconf 89' lang='lat' dir='ltr'>ut</span> <span class='ocrx_word' id='word_1_146' title='bbox 579 3324 691 3396; x_wconf 82' lang='lat' dir='ltr'>audivi,</span> <span class='ocrx_word' id='word_1_147' title='bbox 714 3323 811 3384; x_wconf 83' lang='lat' dir='ltr'>fatalis</span> <span class='ocrx_word' id='word_1_148' title='bbox 834 3323 936 3386; x_wconf 88' lang='lat' dir='ltr'>lancea</span> <span class='ocrx_word' id='word_1_149' title='bbox 958 3325 1091 3398; x_wconf 76' lang='lat' dir='ltr'>Achillis,</span> 
     </span>
     <span class='ocr_line' id='line_1_24' title="bbox 404 3433 1245 3513; baseline 0 -19"><span class='ocrx_word' id='word_1_150' title='bbox 404 3436 447 3495; x_wconf 75' lang='lat' dir='ltr'>Ac</span> <span class='ocrx_word' id='word_1_151' title='bbox 468 3433 548 3494; x_wconf 84' lang='lat' dir='ltr'>Pelei</span> <span class='ocrx_word' id='word_1_152' title='bbox 570 3435 663 3512; x_wconf 88' lang='lat' dir='ltr'>patris</span> <span class='ocrx_word' id='word_1_153' title='bbox 685 3435 783 3513; x_wconf 92' lang='lat' dir='ltr'>primo</span> <span class='ocrx_word' id='word_1_154' title='bbox 805 3453 911 3496; x_wconf 83' lang='lat' dir='ltr'>caussa</span> <span class='ocrx_word' id='word_1_155' title='bbox 934 3453 1001 3496; x_wconf 87' lang='lat' dir='ltr'>csse</span> <span class='ocrx_word' id='word_1_156' title='bbox 1024 3433 1137 3495; x_wconf 88' lang='lat' dir='ltr'>solebat</span> <span class='ocrx_word' id='word_1_157' title='bbox 1236 3453 1245 3470; x_wconf 88' lang='lat'><strong>·</strong></span> 
     </span>
     <span class='ocr_line' id='line_1_25' title="bbox 372 3543 1272 3620; baseline -0.002 -14"><span class='ocrx_word' id='word_1_158' title='bbox 372 3543 527 3616; x_wconf 66' lang='lat' dir='ltr'>tulistis,</span> <span class='ocrx_word' id='word_1_159' title='bbox 550 3543 658 3605; x_wconf 86' lang='lat' dir='ltr'>deinde</span> <span class='ocrx_word' id='word_1_160' title='bbox 680 3545 776 3604; x_wconf 85' lang='lat' dir='ltr'>bonae</span> <span class='ocrx_word' id='word_1_161' title='bbox 799 3552 925 3606; x_wconf 85' lang='lat' dir='ltr'>strenue.</span> <span class='ocrx_word' id='word_1_162' title='bbox 970 3543 1031 3605; x_wconf 90' lang='lat' dir='ltr'>Nos</span> <span class='ocrx_word' id='word_1_163' title='bbox 1053 3551 1167 3605; x_wconf 87' lang='lat' dir='ltr'>vertere</span> <span class='ocrx_word' id='word_1_164' title='bbox 1189 3551 1272 3620; x_wconf 76' lang='lat' dir='ltr'>terga</span> 
     </span>
     <span class='ocr_line' id='line_1_26' title="bbox 404 3652 1068 3732; baseline 0.002 -18"><span class='ocrx_word' id='word_1_165' title='bbox 404 3652 477 3714; x_wconf 88' lang='lat' dir='ltr'>Valli</span> <span class='ocrx_word' id='word_1_166' title='bbox 499 3653 623 3724; x_wconf 80' lang='lat' dir='ltr'>infelici,</span> <span class='ocrx_word' id='word_1_167' title='bbox 646 3655 945 3732; x_wconf 80' lang='lat' dir='ltr'>praecingentemqua</span> <span class='ocrx_word' id='word_1_168' title='bbox 967 3663 1068 3716; x_wconf 85' lang='lat' dir='ltr'>tenere</span> 
     </span>
     <span class='ocr_line' id='line_1_27' title="bbox 405 3763 1210 3843; baseline 0.001 -20"><span class='ocrx_word' id='word_1_169' title='bbox 405 3763 563 3841; x_wconf 86' lang='lat' dir='ltr'>Coepimus</span> <span class='ocrx_word' id='word_1_170' title='bbox 587 3763 734 3824; x_wconf 83' lang='lat' dir='ltr'>adscensu</span> <span class='ocrx_word' id='word_1_171' title='bbox 756 3765 865 3843; x_wconf 87' lang='lat' dir='ltr'>ripam,</span> <span class='ocrx_word' id='word_1_172' title='bbox 888 3773 1055 3826; x_wconf 87' lang='lat' dir='ltr'>transversa</span> <span class='ocrx_word' id='word_1_173' title='bbox 1077 3764 1210 3841; x_wconf 75' lang='lat' dir='ltr'>legentes</span> 
     </span>
     <span class='ocr_line' id='line_1_28' title="bbox 403 3873 1293 3953; baseline 0.001 -20"><span class='ocrx_word' id='word_1_174' title='bbox 403 3873 485 3933; x_wconf 85' lang='lat' dir='ltr'>Muti.</span> <span class='ocrx_word' id='word_1_175' title='bbox 528 3873 636 3933; x_wconf 86' lang='lat' dir='ltr'>Nescio</span> <span class='ocrx_word' id='word_1_176' title='bbox 660 3873 731 3952; x_wconf 89' lang='lat' dir='ltr'>quid</span> <span class='ocrx_word' id='word_1_177' title='bbox 752 3874 851 3935; x_wconf 89' lang='lat' dir='ltr'>minus</span> <span class='ocrx_word' id='word_1_178' title='bbox 873 3875 922 3936; x_wconf 91' lang='lat' dir='ltr'>bio</span> <span class='ocrx_word' id='word_1_179' title='bbox 945 3891 1033 3953; x_wconf 88' lang='lat' dir='ltr'>quam</span> <span class='ocrx_word' id='word_1_180' title='bbox 1055 3874 1151 3934; x_wconf 89' lang='lat' dir='ltr'>noctis</span> <span class='ocrx_word' id='word_1_181' title='bbox 1174 3891 1293 3953; x_wconf 86' lang='lat' dir='ltr'>opacae,</span> 
     </span>
     <span class='ocr_line' id='line_1_29' title="bbox 403 3981 1230 4061; baseline 0.005 -19"><span class='ocrx_word' id='word_1_182' title='bbox 403 3983 498 4060; x_wconf 80' lang='lat' dir='ltr'>Atque</span> <span class='ocrx_word' id='word_1_183' title='bbox 519 3982 618 4043; x_wconf 90' lang='lat' dir='ltr'>minus</span> <span class='ocrx_word' id='word_1_184' title='bbox 642 3998 730 4061; x_wconf 89' lang='lat' dir='ltr'>quam</span> <span class='ocrx_word' id='word_1_185' title='bbox 751 3984 826 4044; x_wconf 88' lang='lat' dir='ltr'>lucis</span> <span class='ocrx_word' id='word_1_186' title='bbox 849 3992 920 4046; x_wconf 89' lang='lat' dir='ltr'>erat.</span> <span class='ocrx_word' id='word_1_187' title='bbox 963 3984 1026 4045; x_wconf 86' lang='lat' dir='ltr'>Nec</span> <span class='ocrx_word' id='word_1_188' title='bbox 1046 3983 1164 4060; x_wconf 81' lang='lat' dir='ltr'>longius</span> <span class='ocrx_word' id='word_1_189' title='bbox 1187 3981 1230 4046; x_wconf 82' lang='lat' dir='ltr'>ire</span> 
     </span>
     <span class='ocr_line' id='line_1_30' title="bbox 356 4091 1218 4173; baseline 0.003 -22"><span class='ocrx_word' id='word_1_190' title='bbox 356 4101 388 4154; x_wconf 84' lang='lat' dir='ltr'>lu</span> <span class='ocrx_word' id='word_1_191' title='bbox 403 4092 582 4169; x_wconf 81' lang='lat' dir='ltr'>Vestiganda</span> <span class='ocrx_word' id='word_1_192' title='bbox 604 4091 707 4152; x_wconf 90' lang='lat' dir='ltr'>oculus</span> <span class='ocrx_word' id='word_1_193' title='bbox 732 4093 848 4172; x_wconf 89' lang='lat' dir='ltr'>quibat;</span> <span class='ocrx_word' id='word_1_194' title='bbox 870 4109 972 4155; x_wconf 81' lang='lat' dir='ltr'>rerum</span> <span class='ocrx_word' id='word_1_195' title='bbox 995 4093 1111 4173; x_wconf 90' lang='lat' dir='ltr'>impulit</span> <span class='ocrx_word' id='word_1_196' title='bbox 1131 4109 1218 4154; x_wconf 87' lang='lat' dir='ltr'>aures</span> 
     </span>
     <span class='ocr_line' id='line_1_31' title="bbox 404 4200 1218 4281; baseline 0 -19"><span class='ocrx_word' id='word_1_197' title='bbox 404 4202 539 4262; x_wconf 84' lang='lat' dir='ltr'>Stridore</span> <span class='ocrx_word' id='word_1_198' title='bbox 560 4200 687 4262; x_wconf 80' lang='lat' dir='ltr'>altisono</span> <span class='ocrx_word' id='word_1_199' title='bbox 712 4219 819 4274; x_wconf 92' lang='lat' dir='ltr'>cornu,</span> <span class='ocrx_word' id='word_1_200' title='bbox 844 4202 922 4281; x_wconf 91' lang='lat' dir='ltr'>quod</span> <span class='ocrx_word' id='word_1_201' title='bbox 946 4211 975 4264; x_wconf 93' lang='lat' dir='ltr'>et</span> <span class='ocrx_word' id='word_1_202' title='bbox 997 4219 1085 4264; x_wconf 86' lang='lat' dir='ltr'>omne</span> <span class='ocrx_word' id='word_1_203' title='bbox 1106 4203 1218 4264; x_wconf 90' lang='lat' dir='ltr'>tonitru</span> 
     </span>
     <span class='ocr_line' id='line_1_32' title="bbox 404 4310 1257 4392; baseline 0.004 -22"><span class='ocrx_word' id='word_1_204' title='bbox 404 4310 543 4372; x_wconf 81' lang='lat' dir='ltr'>Obrucrit</span> <span class='ocrx_word' id='word_1_205' title='bbox 565 4312 689 4390; x_wconf 88' lang='lat' dir='ltr'>strepitu</span> <span class='ocrx_word' id='word_1_206' title='bbox 710 4311 861 4386; x_wconf 87' lang='lat' dir='ltr'>horribili,</span> <span class='ocrx_word' id='word_1_207' title='bbox 883 4313 1098 4392; x_wconf 84' lang='lat' dir='ltr'>propriumque</span> <span class='ocrx_word' id='word_1_208' title='bbox 1121 4319 1257 4374; x_wconf 85' lang='lat' dir='ltr'>secutum</span> 
     </span>
     <span class='ocr_line' id='line_1_33' title="bbox 404 4420 1225 4502; baseline 0.004 -22"><span class='ocrx_word' id='word_1_209' title='bbox 404 4420 582 4500; x_wconf 83' lang='lat' dir='ltr'>Oppositum</span> <span class='ocrx_word' id='word_1_210' title='bbox 605 4421 662 4482; x_wconf 83' lang='lat' dir='ltr'>sibi</span> <span class='ocrx_word' id='word_1_211' title='bbox 685 4422 757 4495; x_wconf 89' lang='lat' dir='ltr'>iter,</span> <span class='ocrx_word' id='word_1_212' title='bbox 778 4439 828 4482; x_wconf 90' lang='lat' dir='ltr'>me</span> <span class='ocrx_word' id='word_1_213' title='bbox 849 4420 939 4500; x_wconf 83' lang='lat' dir='ltr'>figere</span> <span class='ocrx_word' id='word_1_214' title='bbox 962 4423 1061 4502; x_wconf 83' lang='lat' dir='ltr'>adegit</span> <span class='ocrx_word' id='word_1_215' title='bbox 1080 4421 1111 4484; x_wconf 92' lang='lat' dir='ltr'>in</span> <span class='ocrx_word' id='word_1_216' title='bbox 1133 4437 1225 4486; x_wconf 88' lang='lat' dir='ltr'>uuum</span> 
     </span>
     <span class='ocr_line' id='line_1_34' title="bbox 402 4530 1330 4609; baseline 0.003 -19"><span class='ocrx_word' id='word_1_217' title='bbox 402 4530 516 4590; x_wconf 89' lang='lat' dir='ltr'>Lumen</span> <span class='ocrx_word' id='word_1_218' title='bbox 537 4538 694 4609; x_wconf 85' lang='lat' dir='ltr'>utrumqne</span> <span class='ocrx_word' id='word_1_219' title='bbox 716 4532 824 4593; x_wconf 88' lang='lat' dir='ltr'>locum.</span> <span class='ocrx_word' id='word_1_220' title='bbox 867 4531 940 4592; x_wconf 91' lang='lat' dir='ltr'>Post</span> <span class='ocrx_word' id='word_1_221' title='bbox 961 4533 1077 4600; x_wconf 81' lang='lat' dir='ltr'>flendae</span> <span class='ocrx_word' id='word_1_222' title='bbox 1099 4533 1204 4594; x_wconf 84' lang='lat' dir='ltr'>bruera</span> <span class='ocrx_word' id='word_1_223' title='bbox 1226 4531 1330 4605; x_wconf 88' lang='lat' dir='ltr'>cladis,</span> 
     </span>
    </p>
   </div>
   <div class='ocr_carea' id='block_1_5' title="bbox 0 0 1622 5394">
    <p class='ocr_par' dir='ltr' id='par_1_5' title="bbox 0 0 1622 5394">
     <span class='ocr_line' id='line_1_35' title="bbox 0 0 1622 5394; baseline 0 2"><span class='ocrx_word' id='word_1_224' title='bbox 0 0 1622 5394; x_wconf 95' lang='lat' dir='ltr'> </span> 
     </span>
    </p>
   </div>
  </div>
 </body>
</html>
