3236 5394
295 537 335 597 36
736 535 928 586 INFERNORUM
947 536 983 585 tx.

362 754 437 817 Tum
458 755 534 815 bene
555 755 597 814 mi
618 753 714 834 patuit
735 753 883 818 demissus
906 755 942 816 ab
965 754 1084 816 aethere
1106 773 1222 818 summo

311 875 345 930 8⁰
360 864 507 936 Nunoius‚
531 871 618 944 atque
640 863 735 926 oculis
757 863 844 944 coepi
866 874 1002 944 spectaro
1023 864 1207 942 magistrum,

363 973 421 1047 Qui
444 985 516 1034 nutu
534 972 626 1053 jussit
648 991 694 1034 me
716 972 823 1034 sistere
845 974 960 1053 poplite
981 976 1068 1036 dexo.

363 1083 423 1157 Oh,
448 1089 589 1162 quantum
610 1081 720 1144 irarum
742 1093 789 1144 est
808 1083 882 1144 mibi
903 1083 985 1146 visus
1006 1084 1134 1163 prodere
1155 1083 1251 1146 vultu!

361 1191 565 1283 Portam-adit
586 1200 615 1253 et
636 1191 731 1271 virga,
756 1193 837 1254 nullo
860 1193 1040 1266 obsistente,
1063 1193 1197 1256 reclusit.

405 1302 429 1365 0
453 1303 536 1364 coelo
558 1300 652 1380 puisi,
675 1318 748 1380 gens
770 1301 1010 1381 despectissima,
1035 1302 1066 1364 in
1090 1311 1154 1364 atro

311 1421 344 1474 85
361 1412 478 1474 Limine
500 1410 631 1482 dicebat,
655 1429 714 1490 quo
737 1412 812 1472 baec
833 1420 914 1474 tanta
937 1411 1061 1474 audacia
1083 1408 1200 1474 crevit?

363 1522 442 1596 Quid
465 1529 567 1582 contra
590 1520 746 1581 arbitrium
767 1521 875 1582 mentis
896 1531 1025 1601 pugnate
1048 1540 1205 1601 supernae,

363 1632 417 1694 Cui
440 1631 483 1690 vis
505 1630 698 1703 sublevabat,
723 1648 811 1708 quem
832 1632 908 1704 vult,
931 1630 1108 1711 abrumpere
1130 1632 1230 1704 finem,

362 1742 400 1802 Et
422 1759 497 1820 quae
518 1759 571 1801 vos
593 1759 690 1820 poena
710 1757 802 1818 saepe
825 1740 977 1819 asperiore
1000 1737 1154 1818 gravavit?

365 1851 442 1925 Quid
464 1850 589 1930 prodest
610 1867 715 1927 urgere
737 1850 815 1910 baud
838 1849 995 1912 eluctabiie
1018 1847 1134 1912 iatum?

313 1973 347 2024 so
365 1959 511 2022 Cerberus
535 1958 584 2020 bic
604 1966 718 2030 vester,
738 1959 801 2038 jam
822 1979 876 2020 vos
898 1957 1072 2022 meminisse
1094 1959 1231 2040 potestis,

365 2071 469 2131 Gestat
490 2069 586 2130 adhuc
607 2076 739 2129 mentum
762 2076 793 2130 et
815 2068 869 2130 tria
893 2077 1009 2147 guttura
1032 2070 1141 2132 vellere
1164 2069 1253 2132 nuda.

406 2178 519 2240 Deinde
541 2178 618 2240 riam
640 2179 677 2240 ad
699 2178 818 2240 foedam
840 2196 961 2257 gressus
983 2179 1103 2241 dederit
1125 2189 1155 2240 et
1176 2179 1253 2241 uitro

365 2289 450 2350 Haud
471 2288 563 2350 ullum
585 2287 672 2349 nobis
695 2287 828 2366 signum;
852 2289 904 2350 sed
929 2289 996 2350 talis
1018 2288 1129 2362 abibat,

368 2397 486 2472 Qualis,
511 2397 558 2460 cui
579 2405 684 2477 pectus
706 2397 794 2474 longe
817 2397 933 2459 diversa
956 2398 1114 2470 remordet,

316 2523 349 2576 95
368 2509 463 2582 Quam
486 2527 561 2588 quae
584 2525 654 2568 cura
675 2505 799 2586 premit,
823 2525 876 2568 sua
899 2527 975 2587 quos
997 2507 1076 2569 videt
1098 2527 1151 2570 ora
1173 2516 1301 2571 tuentes.

366 2618 442 2690 Nos,
465 2616 589 2678 simulac
611 2626 729 2678 sanctas
752 2616 851 2678 emisit
872 2625 994 2696 pectore
1015 2635 1114 2690 voces,

368 2728 491 2787 Terram
512 2725 611 2788 securi
633 2726 778 2805 petimus,
800 2726 942 2806 nulloque
963 2735 1080 2788 vetante

367 2836 524 2898 Intulimus
546 2853 678 2913 gressus.
720 2836 797 2914 Ego,
821 2836 871 2915 qui
895 2854 1076 2913 cognoscere
1098 2835 1229 2909 avebam,

369 2946 522 3018 Quaenam
545 2945 677 3006 conditio
699 2945 774 3006 valio
798 2945 967 3007 includatur
987 2946 1018 3006 iu
1041 2942 1101 3016 illo,

303 3069 351 3118 lon
368 3055 433 3116 Huc
456 3053 543 3114 simul
564 3054 686 3125 intravi,
709 3065 792 3115 stans
814 3055 913 3116 omnia
935 3055 1143 3135 circumspexi.

411 3163 570 3226 Planitiem
590 3165 651 3225 vini
672 3165 760 3242 iunge
782 3165 900 3244 lateque
922 3172 1085 3244 patentem,

339 3313 341 3316 -
369 3274 406 3334 Et
427 3275 508 3334 luctu
531 3281 561 3334 et
582 3273 657 3336 diris
677 3274 860 3336 eruciatibus
882 3273 981 3334 omnia
1003 3274 1101 3353 piena.

371 3383 454 3444 Sicut
475 3384 553 3463 apud
574 3384 697 3444 deensis
719 3385 855 3446 Ruonsru
877 3384 1042 3461 stagnantis
1064 3384 1095 3444 io
1118 3403 1180 3456 ora,

371 3494 454 3557 Siout
476 3494 553 3572 apud
576 3493 698 3566 rosia,
722 3495 805 3556 sinus
826 3494 906 3554 uude
927 3493 1105 3556 Liburnicas
1127 3511 1241 3574 aequor

306 3611 353 3664 105
370 3602 535 3682 Prospicit‚
558 3603 681 3663 lenanu
704 3604 783 3682 quod
806 3603 930 3675 claudit,
955 3613 985 3664 et
1007 3603 1090 3665 alluit
1112 3604 1200 3665 undis

370 3712 453 3773 lilius
476 3714 564 3785 tides,
587 3721 649 3774 tota
672 3720 718 3774 est
737 3713 848 3774 variata
871 3712 1038 3792 sepulchris

373 3823 489 3894 Tellus3
512 3821 560 3884 bio
584 3821 672 3882 talem
694 3821 801 3883 faciem
823 3821 908 3884 locus
930 3822 1062 3901 undique
1084 3822 1229 3896 habebam

372 3931 483 4011 Excipe
506 3932 585 4010 quod
607 3932 704 3993 luctus
725 3931 776 3994 bic
796 3931 864 4011 plus
887 3943 951 3992 erat
972 3939 1060 4012 atque
1082 3931 1206 3994 doloris.

373 4040 506 4121 Namque
529 4041 606 4102 arcis
627 4041 749 4103 suberat
769 4043 905 4102 dammae
925 4041 971 4101 vis
991 4041 1105 4104 torrida
1127 4041 1251 4122 passim,

309 4157 358 4207 llo
376 4150 471 4224 Quam
496 4159 618 4230 propter
638 4162 722 4212 tanto
742 4151 910 4212 candebant
929 4170 1077 4214 marmora
1100 4153 1136 4214 ab
1160 4159 1254 4225 aestu,

378 4261 415 4321 Ut
436 4261 515 4320 nulla
538 4279 587 4322 ars
609 4269 696 4338 cogat
717 4260 762 4322 sic
783 4260 856 4322 ierri
877 4260 1031 4339 ignescere
1050 4279 1193 4324 massam.

378 4369 489 4430 Cuncta
512 4369 723 4448 impendebant
745 4389 890 4450 suspensa
912 4371 959 4432 bis
982 4372 1125 4448 tegmina,
1150 4379 1180 4434 et
1202 4371 1272 4432 iudo

376 4478 434 4540 nni
458 4480 652 4558 erumpebant
673 4480 816 4558 gemitus,
838 4481 988 4562 duraeque
1010 4483 1149 4564 querelae
