3214 5400
328 531 388 595 172
783 534 964 586 euacrronn
983 535 1010 584 x.
1503 486 1507 722 1

391 750 453 813 Una
477 752 555 816 redit
576 753 679 825 fallax,
703 753 771 833 quia
794 770 855 812 non
878 773 911 816 se
932 754 1056 817 verterit
1077 761 1154 834 apte,

390 863 475 925 Haud
498 863 595 925 aditus
617 871 708 944 patet.
751 864 807 924 Est
828 863 1085 944 pretiosiorum,
1109 865 1161 926 sed
1185 883 1244 928 uua

390 974 469 1036 Artis
491 982 522 1036 et
543 973 653 1052 ingenii
676 974 743 1053 plus
766 975 880 1053 poscit,
905 973 1004 1036 clausa
1025 973 1199 1053 priusquam

390 1084 518 1154 Pendet,
542 1084 668 1144 ethaeo
689 1081 739 1144 iila
762 1093 823 1154 est,
848 1101 923 1162 quac
947 1083 1057 1146 nodum
1079 1084 1195 1146 solvere
1217 1097 1323 1163 possit.

326 1199 413 1258 12οἈ
435 1192 536 1254 Pereo
559 1193 613 1255 has
634 1193 743 1265 hebui,
767 1193 818 1273 qui
841 1193 947 1272 inquit,
970 1212 1002 1254 se
1025 1193 1128 1266 malie,
1152 1193 1280 1273 potitum

390 1303 459 1377 His,
481 1321 528 1364 me
550 1321 651 1364 errore
674 1302 763 1364 animi
785 1303 885 1382 potius
908 1321 1043 1364 reserare
1064 1312 1210 1382 paratum,

391 1412 485 1485 Quam
508 1412 623 1474 clausas
645 1412 768 1473 nimium
791 1421 961 1491 parcentem
986 1424 1106 1489 tangere
1130 1413 1236 1487 valvas,

389 1523 465 1585 Ante
486 1539 570 1584 meos
593 1521 663 1582 dum
685 1522 750 1584 fusa
771 1521 864 1601 pedes
887 1541 960 1600 gens
983 1531 1105 1602 pectora
1128 1523 1235 1602 pulset.

432 1632 545 1694 Deinde
568 1632 649 1694 iores
671 1640 775 1712 portae
798 1639 928 1693 sacratas
952 1633 1084 1712 impulit,
1108 1649 1181 1694 usus

325 1754 372 1808 tte
390 1744 443 1805 His
466 1741 579 1804 verbis:
602 1741 665 1804 Hac
686 1741 740 1815 ito,
764 1741 817 1804 sed
840 1742 914 1803 haec
936 1742 1079 1804 advertite
1101 1751 1210 1816 mente,

389 1853 465 1915 Hinc
487 1869 692 1929 egressurum,
717 1870 805 1931 quern
828 1851 920 1913 ferret
942 1853 1017 1914 iorte
1039 1853 1175 1914 volontas

388 1963 559 2043 Respicere.
602 1962 640 2023 Αι
660 1980 730 2022 vero
753 1968 785 2022 ut
807 1961 950 2023 distortae
972 1962 1002 2023 in
1026 1962 1145 2024 cardine
1167 1963 1317 2042 utrimque

388 2071 539 2134 Robustae
561 2072 682 2134 fuerunt
701 2071 802 2132 valvae
824 2071 920 2133 solido
943 2090 1011 2134 aere
1035 2083 1186 2146 sonantes,

390 2177 482 2257 Qrfls
504 2199 588 2244 sacra
610 2181 741 2242 munitur
763 2182 884 2243 domus:
907 2181 985 2243 haud
1008 2182 1046 2243 ita
1068 2183 1174 2260 mugiit
1196 2200 1273 2255 aere,

324 2304 373 2357 13⁰
388 2294 451 2355 Nec
473 2300 532 2354 tarn
553 2290 679 2370 Tarpeja
701 2291 867 2364 intremuit,
890 2291 997 2353 virtute
1018 2291 1128 2353 Metelli

388 2401 492 2463 Ablata
514 2402 648 2481 penitus,
672 2417 730 2480 quo
754 2400 918 2461 decedente
940 2401 1116 2463 macendum

388 2511 551 2572 Emunctae
574 2511 638 2572 fuit.
666 2542 703 2552 -
725 2509 769 2571 td
792 2511 921 2590 primum
944 2529 976 2572 se
999 2517 1149 2572 arrexerat
1170 2510 1251 2573 auris

390 2621 529 2694 Carnum,
554 2631 639 2699 teque
662 2619 757 2682 neom
779 2614 955 2682 tondemus!
976 2638 1050 2681 voce
1071 2618 1193 2682 videbar

389 2729 620 2809 Dulcisonisque
642 2730 738 2790 modis
760 2729 903 2809 permiste
925 2729 1027 2792 audire
1051 2737 1201 2804 canentes,

324 2849 371 2902 tao
389 2840 505 2920 Parque
528 2847 591 2902 erat
612 2839 728 2901 auditae
752 2846 856 2901 cantus
879 2847 909 2900 et
928 2837 1012 2900 vocis
1034 2838 1142 2917 imago,

389 2951 486 3024 Onam
507 2967 598 3029 saepe
620 2949 650 3010 in
674 2949 784 3029 templo
808 2950 994 3012 cantantibus
1018 2965 1128 3027 organa
1151 2949 1288 3022 reddunt,

280 3105 288 3114 .
389 3061 471 3133 Quae
493 3059 583 3122 modo
606 3057 694 3121 verba
717 3059 819 3121 sinunt
842 3068 974 3140 captare,
997 3059 1086 3120 modo
1110 3058 1160 3122 illa
1181 3060 1355 3160 retundunt.

895 3315 936 3396 X·

431 3495 468 3558 Ut
489 3501 575 3574 porta
596 3495 702 3556 intrata
725 3501 787 3567 est,
811 3499 898 3573 q'uam
921 3493 1087 3555 animarum
1108 3512 1198 3573 prava
1220 3495 1330 3574 cupido

387 3604 488 3666 Efficit
509 3605 673 3677 insuetam,
697 3605 766 3683 quia
788 3612 903 3666 rectum
925 3602 1025 3665 tortile
1046 3603 1140 3682 fingit,

388 3715 461 3776 Post
483 3722 599 3792 tergum
621 3715 703 3774 sensi
724 3715 802 3774 hanc
824 3714 946 3776 immani
967 3731 1119 3775 murmure
1142 3713 1256 3789 claudi;

388 3823 425 3883 Et
447 3821 565 3902 qualem
587 3823 681 3884 errori
704 3823 836 3902 quissern
858 3832 1032 3903 praetexere
1055 3843 1199 3897 caussam,

354 3945 371 3997 5
389 3933 421 3993 Si
443 3929 669 4012 respexissem?
690 3932 749 3994 Per
769 3934 897 3995 scissum
920 3933 1103 3995 adscendere
1125 3953 1227 3996 saxum

389 4043 465 4104 Cura
489 4041 566 4116 tuit‚··
584 4041 663 4122 quod
688 4061 721 4102 se
742 4051 826 4122 parte
849 4061 885 4105 ex
906 4051 1031 4122 utraque
1053 4043 1190 4105 movebat

388 4151 474 4214 Haud
496 4153 596 4226 aliter,
620 4171 707 4232 quarn
732 4172 806 4232 quae
829 4171 897 4216 sese
920 4154 994 4231 fugit
1015 4153 1094 4215 unda
1115 4154 1259 4234 petitque.

388 4260 445 4322 Hic
465 4262 619 4324 accedenti
642 4281 722 4324 nunc
743 4263 827 4336 hinc,
850 4281 930 4324 nuno
952 4263 1186 4346 indelreeedens

350 4439 351 4442 Ἴ
387 4369 431 4430 Λᾶ
455 4369 546 4444 intus,
569 4372 712 4434 utendum
735 4380 782 4434 est
803 4371 900 4451 aliqua
922 4381 1001 4434 arte:
1023 4373 1097 4434 haec
1120 4391 1172 4434 ore
1195 4373 1345 4450 magister.

307 4517 311 4526 ·
340 4492 371 4543 lo
388 4480 484 4560 Atque
505 4481 581 4543 haec
603 4501 708 4544 caussa
731 4483 793 4556 tuit,
818 4501 894 4561 quae
916 4501 1009 4562 passu
1031 4501 1136 4562 repere
1157 4481 1248 4563 jussit
