3234 5396
368 527 430 590 26⁰
787 525 1076 578 ruannronnxnxn.

1294 621 1524 634 —m———a—

368 747 519 814 11511000
541 755 629 820 stare,
653 745 744 826 inque
767 744 863 808 oculis
883 743 997 808 varium
1018 763 1161 826 apparere
1184 747 1304 808 tuentis.

474 858 550 920 Dum
571 875 657 918 mens
679 855 815 935 gustabat
835 853 909 917 mibi
929 852 1008 916 laeta
1029 861 1060 916 et
1080 854 1166 934 pleno
1190 857 1323 935 stuporis

432 967 525 1040 Illam,
549 985 634 1046 quae,
658 985 717 1046 quo
739 965 808 1045 plus
830 970 952 1036 saturat,
974 963 1042 1042 plus
1065 981 1134 1024 esca
1158 964 1263 1038 sititur,

432 1075 517 1138 Tunc
539 1075 620 1149 mihi,
647 1076 684 1136 de
707 1075 783 1136 solio
804 1080 928 1136 testatae
951 1091 984 1134 se
1005 1091 1073 1135 esse
1097 1091 1247 1152 supremo,

433 1185 598 1247 Occurrere
621 1185 696 1248 aliae
719 1201 820 1246 coram
841 1191 902 1244 tres
925 1182 1030 1247 ordlue
1052 1182 1151 1254 Divae,

367 1300 415 1352 12⁰
432 1293 679 1374 Carminibusque
701 1293 764 1354 suis
786 1290 875 1354 simul
897 1291 1035 1372 adjuvere
1058 1291 1184 1354 choreas

431 1403 591 1483 Angelieis.
635 1403 780 1466 Converte
802 1409 880 1474 tuos,
903 1409 1053 1470 converte,
1075 1401 1213 1474 Brennus,

432 1513 604 1584 cantabant,
629 1511 734 1574 oculos
758 1519 879 1573 sanctos
903 1511 1053 1592 fidumque
1075 1517 1169 1584 tuere,

433 1623 491 1697 Qui
512 1631 541 1684 te
563 1622 680 1684 visunts
702 1627 746 1683 tot
766 1620 906 1700 passibus
929 1620 1019 1682 ardua
1040 1619 1121 1682 vicit.

431 1733 474 1795 Ila
496 1731 585 1794 nobis
606 1729 722 1792 veniam
743 1729 830 1802 hanc,
853 1738 962 1809 tuaque
985 1729 1056 1792 buic
1077 1730 1124 1792 lac
1147 1747 1199 1792 ora
1220 1731 1344 1804 reveles,

367 1861 415 1916 125
433 1842 516 1916 Quae
539 1840 628 1902 celas.
673 1839 698 1902 0
720 1845 861 1901 aeternae
882 1838 928 1900 vis
949 1837 1045 1902 vivida
1066 1837 1158 1900 lueis!

431 1952 612 2032 Ecquisnam
634 1968 729 2030 usque
752 1947 904 2038 adeo-sub
926 1948 1014 2010 Pindi
1037 1948 1179 2028 expalluit
1199 1949 1313 2022 umbra,

432 2063 490 2122 Aut
511 2058 676 2139 Aganippei
696 2058 808 2138 potavit
828 2058 961 2121 fluminis
982 2058 1099 2130 undam,

434 2171 492 2245 Qui
514 2188 575 2232 non
596 2176 695 2250 mente
716 2167 826 2241 hebeti,
849 2167 968 2246 ingenio
991 2168 1125 2231 videatur
1145 2168 1256 2248 inepto,

434 2281 467 2343 si
488 2288 527 2354 te,
551 2278 646 2360 qualis
669 2295 744 2350 eras,
768 2276 891 2340 studeat·
904 2277 1083 2352 describere,
1108 2278 1139 2340 in
1161 2278 1210 2340 illa

371 2407 418 2460 rso
434 2390 504 2454 Ora.
525 2388 577 2451 ubi
599 2397 627 2450 te
650 2405 796 2450 resonans
818 2387 1013 2449 concentibus
1036 2389 1139 2450 aether
1159 2387 1324 2461 obumbrat

434 2499 507 2562 Caum
528 2505 578 2561 tua
600 2516 633 2560 se
655 2497 747 2560 facies
769 2497 905 2560 dissolvit
925 2498 957 2560 in
979 2504 1047 2561 aera
1067 2495 1225 2578 apertum?

897 2757 1026 2840 XXXll.

435 2939 534 3018 Usque
556 2937 631 3000 adeo
652 2934 813 2998 haerebant
834 2936 937 2998 intenti
959 2936 1103 3016 aridique,
1127 2935 1289 2998 decennem

433 3049 611 3110 Exsaturare
634 3045 716 3108 sitim
736 3046 827 3112 risus,
850 3054 882 3108 ut
904 3045 1043 3108 sensibus
1065 3047 1162 3108 omnis

432 3159 547 3220 llortua
568 3156 612 3218 vis
635 3166 717 3218 esset
737 3154 876 3236 reliquis;
899 3163 928 3217 et
949 3155 1097 3218 clauserat
1117 3155 1185 3216 allos

432 3269 510 3330 Hinc
530 3277 617 3346 atque
638 3266 709 3328 hinc
728 3265 829 3345 paries
851 3265 995 3328 mittentis
1018 3273 1133 3328 caetera
1155 3282 1261 3328 curae:

400 3378 485 3440 ⁵Sic
505 3376 542 3439 ad
565 3395 598 3438 se
620 3376 761 3438 attonitos
782 3375 831 3436 lux
853 3375 933 3437 risus
955 3374 1030 3438 alma
1054 3375 1190 3437 trahebat

432 3485 556 3549 Reubns
577 3486 723 3564 antiquis;
745 3503 812 3547 cum
834 3503 882 3546 me
903 3484 1049 3546 divertere
1069 3485 1195 3546 vultum·

434 3595 646 3675 Compulerant
666 3593 812 3675 nymphae
834 3594 872 3657 ad
892 3592 1022 3668 laevam3
1053 3612 1121 3656 nam
1142 3594 1197 3656 bas
1219 3595 1394 3678 obstrepere
1416 3596 1487 3659 auri:

433 3705 563 3768 Haesisti
584 3703 688 3766 nimis!
711 3703 872 3767 audieram.
916 3703 954 3764 ut
975 3721 1032 3782 qua
1054 3704 1119 3784 lege
1141 3706 1274 3768 solemus

434 3815 573 3888 Cernere,
595 3814 733 3894 percussi
754 3814 843 3876 modo
865 3814 962 3876 visum
983 3831 1000 3874 a
1021 3814 1132 3876 lumine
1153 3814 1236 3889 solis,
1289 3865 1292 3875 .

386 3928 418 3981 10
433 3925 503 4006 lpse
524 3923 575 3986 diu
596 3923 677 3985 carui
698 3923 776 3986 luce.
818 3924 873 3986 Ast
893 3923 944 3986 ubi
965 3939 1060 4003 pauca
1081 3924 1193 3987 tuendo

434 4035 544 4108 (Pauca
566 4033 685 4112 quidem
707 4033 744 4095 ad
765 4033 900 4106 multum,
923 4032 1003 4112 quod
1025 4051 1132 4095 sensus
1153 4035 1253 4106 icerat,
1275 4036 1355 4097 unde

434 4142 575 4205 abscessi
598 4142 744 4221 ingratis)
766 4143 846 4205 acies
868 4150 1002 4206 recreata
1023 4143 1137 4216 redivit,

434 4251 509 4313 Tum
532 4251 607 4314 lalus
629 4252 660 4314 in
683 4250 818 4313 dextrum
838 4252 899 4314 ridi
920 4253 1083 4331 procedere
1105 4253 1222 4314 turbam

434 4361 584 4440 Insignem
604 4362 715 4424 decore
737 4369 824 4442 atque
846 4362 954 4442 pedem
976 4381 1044 4424 cum
1066 4362 1129 4423 sole
1151 4363 1273 4437 referre,

386 4472 472 4532 10110
493 4471 735 4550 septemgeminis
757 4472 879 4534 adversa
899 4471 1070 4551 petentibus
1092 4490 1145 4533 ora
