3236 5394
602 567 794 624 ruranuoauu
812 531 868 618 riu.

253 787 312 860 Qui
335 785 459 866 largitus
482 793 555 848 erat.
598 785 686 850 Dedit
706 785 781 846 haec
803 803 949 864 responsa
970 794 1106 863 rogatus:

252 899 285 959 ln
306 896 405 961 medio
428 903 540 962 uastata
563 895 638 961 maci
661 893 879 966 sedetinsuIa,
903 894 1024 957 Caere!

251 1005 423 1086 Appellant,
448 1005 533 1092 cujus
555 1004 611 1072 sub
633 1022 703 1083 rcgo
726 1003 820 1074 fnisse
842 1003 969 1082 pudicus

253 1116 394 1182 Narratur
415 1115 554 1182 muudus.
597 1114 631 1176 Vi
654 1113 803 1194 quondam
825 1112 920 1176 laetus
943 1132 1095 1194 aquarum,

200 1239 236 1290 00
254 1223 421 1288 Fraudibus
444 1231 474 1285 et
495 1224 605 1304 patulis
628 1243 714 1286 mons
737 1222 846 1302 surgit,
870 1230 900 1284 et
921 1223 1029 1285 lntncs
1051 1223 1102 1286 isti

142 1403 144 1406 ,
253 1336 367 1397 Nomen
391 1342 468 1410 erat,
492 1353 571 1398 nunc
593 1341 666 1408 stat,
689 1352 745 1397 ceu
766 1350 819 1396 res
838 1340 976 1412 corrupta
999 1341 1128 1406 senecta,

254 1446 415 1516 Desertus,
438 1463 526 1526 quem
546 1444 631 1510 uam
654 1443 712 1506 sihi
735 1441 882 1507 cunabula
903 1442 965 1503 nati

255 1555 326 1616 Fida
350 1554 397 1615 sui
419 1553 500 1632 legit.
544 1553 648 1620 Melius
671 1560 734 1614 rata
757 1552 886 1618 condere
909 1552 1019 1614 sunum

254 1665 348 1726 Posse
370 1663 428 1738 ibi,
452 1683 519 1728 cum
540 1663 645 1736 debat,
670 1681 740 1727 caua
763 1669 915 1742 tympana,
939 1669 969 1724 et
990 1679 1059 1722 aera
1077 1660 1203 1741 jubebat

202 1775 349 1836 01111010
372 1773 508 1837 tinnitus.
551 1773 651 1836 Manet
671 1771 749 1836 intra
769 1770 884 1832 viscera
906 1770 1017 1834 montis

253 1885 376 1962 ingens,
400 1892 547 1955 arrectus,
572 1883 722 1946 uertens
745 1880 884 1946 immania
909 1880 1016 1942 tollens

255 1995 350 2072 Terga
373 1993 496 2054 adversa
519 2009 623 2064 senex,
647 1998 843 2070 prospectans
864 1989 983 2052 moenia
1005 1990 1124 2064 Rornae,
1147 2023 1152 2034 ·

255 2105 292 2165 111
314 2103 477 2182 speculum.
522 2103 627 2165 vertex
649 2119 684 2162 ex
706 2120 778 2164 auro
800 2099 905 2173 divite,
927 2106 1033 2180 pectus

254 2213 439 2292 Brachioque
462 2219 585 2288 argento
608 2230 643 2271 ex
664 2228 755 2289 puro,
779 2209 887 2270 deinde
910 2228 978 2270 aere
999 2209 1107 2288 rigenti

188 2336 237 2388 100
255 2324 366 2385 Cuncta
390 2321 448 2402 ipsi
471 2328 610 2382 constant
629 2327 716 2381 tenus
739 2318 887 2396 inguinis3
910 2318 1009 2380 omnia
1033 2320 1111 2380 terro
1209 2345 1213 2356 ¹

254 2432 356 2494 Electo
379 2431 519 2504 interius,
541 2438 661 2516 praeter
681 2428 768 2508 pedis
790 2427 890 2488 intima
913 2428 1017 2500 dextri,

243 2541 315 2626 'Qui
338 2550 416 2604 terra
440 2541 585 2605 conflatus
608 2550 689 2613 erat,
714 2556 801 2619 qnam
825 2547 944 2600 coxerat
965 2537 1053 2616 ignis.

256 2653 326 2713 Pius
349 2650 419 2724 huic
441 2649 567 2723 insistit,
590 2667 678 2729 quarn
699 2649 781 2711 laeuo
805 2656 937 2721 erectus,
960 2649 1076 2729 eteius

256 2763 329 2824 Pars
353 2759 490 2840 quaevis,
514 2778 586 2822 auro
609 2767 749 2840 excepto,
772 2757 907 2836 disrupta
923 2757 1041 2822 ,fatiscit

190 2879 239 2932 105
256 2872 357 2943 Rima,
382 2889 457 2950 quae
480 2868 610 2932 exstillat
629 2867 771 2930 lacrimis.
813 2867 983 2946 iunguntur
1004 2867 1035 2928 in
1058 2886 1148 2930 unum

258 2981 319 3043 Hae
342 2988 457 3060 guttae,
480 2987 568 3058 atque
591 2977 664 3040 illud
686 2977 730 3038 vis
751 2977 855 3040 harum
877 2977 1010 3059 perfodit
1029 2987 1156 3041 antrum.

260 3093 390 3165 Quarum
412 3089 556 3156 decursus
578 3087 683 3151 vallem
706 3107 738 3148 se
761 3087 894 3149 immittit
916 3087 946 3148 in
968 3087 1059 3158 iilam,

259 3201 341 3264 Unde
364 3198 522 3272 donnana,
545 3198 810 3276 Pncncsrnouque
833 3196 941 3268 oritur,
964 3199 1150 3276 Summaque
1172 3195 1290 3276 paludis

259 3312 352 3372 Lenta
373 3309 462 3382 rada,
486 3317 574 3388 atque
597 3307 701 3370 cadem
722 3306 780 3367 hoc
802 3312 884 3365 arcto
907 3305 968 3366 ruit
988 3305 1068 3368 unda
1089 3305 1185 3369 canati

191 3430 241 3481 110
260 3422 359 3500 Usque
381 3419 467 3491 11100,
491 3418 568 3484 tunde
591 3416 715 3482 ulterius
738 3416 920 3478 descendere
942 3432 1002 3477 non
1026 3422 1088 3490 est;

261 3530 399 3593 Cocrrnrr
422 3526 560 3600 etfacit,
583 3533 711 3606 atquae
734 3523 795 3586 sint
816 3542 850 3584 ca
874 3531 977 3602 stagna
999 3523 1131 3598 videbis3

259 3615 421 3720 Propterea
443 3636 584 3702 ulteriora
606 3635 660 3700 tibi
684 3652 764 3700 nuuc
785 3633 884 3706 dicere
906 3651 1008 3714 parco.

303 3749 349 3812 llli
370 3766 442 3828 ego:
465 3746 517 3820 Si,
540 3744 668 3814 modicis
690 3744 742 3825 qui
763 3763 842 3809 nunc
865 3743 889 3806 11
909 3742 1021 3806 rimlus
1043 3743 1141 3817 undis,

116 3873 121 3882 ·
160 3841 164 3845 ’
260 3860 370 3922 Nostro
392 3858 433 3919 ita
455 3857 491 3920 ab
514 3856 587 3920 orbe
609 3855 718 3928 oritur,
741 3873 794 3916 cur
815 3854 912 3916 solnm
934 3853 1110 3934 apparatio
1133 3853 1200 3929 ista,

193 3971 243 4024 111
263 3970 358 4050 Quam
381 3985 483 4036 sumus
507 3964 655 4048 aggressi,
677 3961 766 4044 ripa?
787 3964 817 4029 Is
839 3963 912 4029 mihi
937 3963 1004 4028 talia
1027 3962 1140 4026 reddit:

260 4080 306 4140 Tu
328 4079 388 4139 sois
411 4078 469 4138 hoc
490 4075 620 4158 spatium
641 4093 712 4156 gyro
736 4081 873 4143 constare
895 4073 1033 4144 rotundo,

260 4189 298 4250 Et
319 4185 453 4268 quamuis
475 4186 564 4266 longo
586 4183 772 4266 processeris
794 4182 950 4246 intervallo

260 4299 388 4377 Semper
409 4295 595 4362 descendens
617 4294 733 4368 nevus,
755 4293 822 4357 ioca
844 4311 911 4357 cunt
934 4292 1035 4356 infima
1056 4292 1182 4365 adimus,

261 4406 398 4470 Nondum
421 4405 579 4475 circuitum
601 4411 695 4480 totum
717 4421 772 4484 pes
793 4410 898 4469 noster
919 4401 1029 4478 obivit,

193 4525 242 4576 110
259 4516 351 4590 Hinc,
374 4515 401 4576 si
424 4535 481 4602 qut
503 4523 638 4598 apparet.
648 4513 780 4586 novitas,
803 4511 915 4578 absiste
937 4513 1059 4576 moveri.
