3234 5396
619 555 753 606 rtanutsr
773 555 809 606 Vi.
1234 595 1236 604 .

118 639 1327 674 Ἢ--Τψ--Ἳ-,Ὴ

212 771 363 834 Clausam.
388 805 425 816 -
450 771 488 832 At
510 772 589 851 quod
612 773 706 835 suasit
727 773 864 836 vexillum
887 773 956 836 talia
979 775 1045 850 ieri,

210 881 337 944 Fecerat
358 887 427 942 ante
450 890 480 942 et
501 891 566 942 erat
587 881 732 944 iacturum
754 903 809 964 pre
832 883 950 964 imperii
971 885 999 945 vi

211 989 328 1051 Mertali
352 989 502 1063 interris,
527 991 606 1071 qucd
630 991 820 1054 subditione
843 993 996 1072 gubernat,

211 1099 259 1162 Fit
281 1099 345 1162 leve
367 1109 398 1162 et
418 1098 580 1162 obscumm
602 1101 713 1181 specie,
736 1101 761 1163 si
785 1103 889 1164 tertius
911 1103 1018 1166 haeres

162 1216 195 1269 ⁹0
212 1209 400 1290 Spectandus
423 1207 513 1271 suerit
534 1210 652 1286 Caesar,
674 1219 703 1273 te
722 1212 825 1294 judice
847 1221 943 1286 acute,

211 1319 248 1381 Et
270 1319 361 1381 studii
384 1338 470 1399 pure.
513 1319 587 1380 Nam
606 1319 696 1400 justa,
720 1329 839 1383 aeterna
860 1329 1005 1402 potestas,

90 1513 92 1516 Ι
211 1430 296 1491 Hanc
317 1429 390 1490 mihi
414 1447 490 1508 quae
512 1429 641 1509 inspirat
661 1437 799 1504 mentem,
823 1440 1014 1493 concesserat
1034 1432 1087 1494 illi.

213 1540 309 1613 Quem
332 1539 409 1612 dicu,
432 1533 559 1612 laudem,
583 1557 672 1618 quam
694 1538 785 1601 ultam
807 1540 941 1603 duxisset
962 1541 1001 1603 ob
1023 1541 1097 1604 iram

212 1647 245 1710 id
267 1647 378 1710 dantis.
402 1681 441 1694 -
463 1649 549 1711 Nunc
571 1666 647 1729 quae
668 1649 727 1711 hue
747 1650 871 1712 veniunt
891 1651 1057 1725 referenda,
1081 1653 1226 1733 stupebis.
1338 1693 1344 1700 -

163 1768 195 1822 tt
212 1758 296 1831 Dein,
320 1758 482 1820 comitante
504 1757 582 1832 Tito,
604 1779 719 1839 poenas
741 1767 896 1841 sumptura
918 1761 1027 1822 velavit

210 1869 372 1948 Antiquum
395 1867 454 1929 ulta
477 1867 586 1929 scelus.
629 1869 704 1930 Tum
725 1889 806 1944 vero,
828 1869 879 1931 ubi
903 1870 979 1932 ovile
1001 1873 1162 1934 memordit

210 1979 291 2040 iiens
313 1977 532 2056 Langobardus
552 1987 697 2052 sanctum,
720 1997 788 2041 sese
810 1977 891 2042 illius
915 1979 971 2042 aiis
1228 1959 1232 1966 ⁸

211 2089 336 2152 Tectum
359 2087 543 2149 succurrisse
564 2088 625 2164 isti,
648 2088 726 2150 vieto
747 2087 845 2164 hoste,
868 2091 978 2152 fatetur

211 2198 337 2262 Carolus
359 2195 390 2258 in
410 2196 500 2258 terris
519 2197 652 2276 Magnus.
694 2197 759 2260 Jam
781 2207 814 2260 tu
835 2199 902 2279 ipse
923 2200 1048 2274 videbis,

149 2325 195 2377 loo
212 2308 271 2382 Qui
294 2308 368 2380 sint,
391 2326 467 2386 ques
488 2327 578 2387 supra
600 2327 725 2381 accuse,
748 2317 779 2371 et
801 2327 877 2389 quae
898 2309 955 2372 ires
977 2311 1102 2374 crimina
1124 2311 1273 2387 damnent,

210 2419 295 2482 Unde
319 2416 399 2479 venit
419 2416 505 2478 vobis
527 2425 700 2478 cunctorum
723 2437 828 2480 caussa
851 2418 1006 2482 malcrum.

210 2529 310 2591 Altera
332 2525 481 2588 communi
505 2525 590 2605 signe
612 2545 683 2608 pars
705 2527 766 2588 lilia
789 2529 864 2592 flava

211 2636 354 2719 Oppouit,
376 2636 504 2698 seorsim
525 2655 596 2717 pars
617 2637 710 2699 altera
731 2637 863 2700 vindieat
883 2639 979 2715 istud;

210 2749 294 2811 Mens
317 2757 364 2808 est
385 2746 415 2808 in
437 2745 539 2820 dubie,
562 2745 630 2826 quis
651 2748 749 2830 major
770 2748 885 2829 ceperit
905 2767 990 2811 error

148 2863 194 2918 1⁰5
210 2859 402 2920 Alterutmm.
445 2856 550 2918 Utatur
570 2856 657 2918 solita
679 2875 734 2938 pro
755 2857 869 2920 viribus
891 2867 954 2920 ane

210 2966 310 3028 'i'urba
333 2962 494 3028 Ghihellini
516 2965 616 3027 studio
637 2966 817 3028 inflammata
838 2967 965 3044 sureris3

209 3078 264 3139 Ast
285 3075 365 3138 aliud
387 3075 505 3154 signum
526 3083 649 3156 quaerat
670 3074 745 3148 sibi3
767 3093 827 3136 ncu
849 3075 926 3138 hene
947 3077 1034 3140 mites

210 3186 275 3248 Hoc
297 3186 440 3266 sequitur,
463 3185 513 3266 qui
536 3207 552 3247 a
570 3185 685 3266 justitia
707 3184 871 3265 sejunxerit
892 3186 1001 3266 ipsum.

210 3295 290 3358 Neve
311 3296 379 3370 hcc,
401 3295 604 3376 Guelphcrum
624 3293 711 3356 turba
733 3294 863 3374 stipante
885 3314 1016 3368 suorum,

149 3409 195 3462 ue
212 3406 337 3469 Cercius
358 3406 416 3467 iste
438 3424 532 3468 nevus
554 3411 677 3478 sternat,
700 3423 801 3467 verum
822 3404 944 3466 horreat
965 3424 1088 3486 ungues,

212 3517 271 3590 Qui
293 3533 378 3594 mage
401 3515 520 3578 sublimi
542 3513 635 3578 vellus
657 3513 773 3577 misere
794 3513 885 3576 leoni.

209 3625 276 3688 Jam
298 3631 389 3706 saepe
411 3625 450 3686 ob
471 3624 588 3705 cuipam
610 3623 673 3687 uati
694 3626 802 3687 flevere
823 3634 996 3704 parentum3

127 3729 136 3756 ⁹
210 3737 273 3799 Nec
295 3741 474 3797 mutaturum
496 3741 620 3816 propter
640 3752 693 3796 sua
715 3733 777 3797 iiiia
799 3751 909 3795 numen

212 3846 303 3924 Signa
324 3852 419 3926 putet.
463 3844 548 3906 Parvi
571 3844 663 3907 decus
684 3843 775 3925 h'ujus
797 3843 906 3905 sideris
928 3851 1042 3915 emant,

150 3959 195 4014 115
213 3957 293 4030 Quae
316 3954 414 4017 nullos
436 3969 566 4033 unquam
588 3954 790 4016 detrectavere
811 3953 939 4026 iabores,

212 4065 330 4127 Guarae
352 4065 477 4138 animae,
500 4073 654 4127 aeternum
675 4071 707 4125 ut
727 4063 827 4125 veniat
846 4071 917 4144 pust
938 4063 1041 4124 funera
1063 4081 1182 4126 nomen.

210 4173 345 4255 Namque
365 4173 417 4236 ubi
440 4191 528 4236 curae
549 4173 648 4235 isthuc
669 4174 801 4247 tendunt,
824 4181 854 4235 et
874 4173 993 4236 tramite
1013 4171 1154 4234 oberrant

212 4285 277 4346 Huc
299 4283 370 4345 iiiuc
392 4283 484 4358 varic,
504 4284 617 4365 pariter
635 4283 697 4344 veri
719 4283 797 4363 ignis
819 4282 930 4345 ameris

211 4394 250 4456 Et
271 4393 370 4455 minus
392 4404 480 4474 atque
503 4394 602 4455 minus
622 4391 706 4454 vivax
720 4393 898 4466 adscendet,
921 4398 1050 4474 opertet

148 4508 195 4561 lte
211 4505 265 4566 Ast
284 4504 360 4566 haec
381 4521 448 4568 cum
470 4503 577 4566 meritc
600 4502 780 4564 cemmensis
799 4502 927 4584 pignora
947 4511 1051 4566 uestm
