3362 5414
179 491 402 530 Γ-...-,
413 489 800 497 .---..-.-

684 545 878 596 tortellorum
896 545 924 599 ll·
1347 545 1365 606 ’ἶ
1418 493 1423 634 Ι

186 637 405 646 ——-—--—--

344 983 486 1046 lnolioata
509 981 575 1050 dies
596 982 735 1058 rodebat,
759 991 789 1046 et
809 984 955 1046 umbrifer
976 990 1029 1049 adr

302 1094 379 1156 llole
401 1112 526 1174 operum
547 1093 578 1154 in
599 1091 687 1166 terris
710 1092 848 1155 animalia
871 1101 978 1156 runata
999 1093 1129 1160 levabat:

179 1185 183 1368 Ι
216 1265 219 1276 ,
302 1206 397 1284 Atque
419 1221 474 1282 ego
498 1209 611 1276 tautum
633 1221 710 1264 uuus
733 1201 904 1276 veniebam,
927 1203 1006 1266 ferre
1027 1212 1160 1284 paratus,

304 1313 381 1387 Quid
403 1312 465 1386 via,
490 1311 560 1392 quid
583 1311 679 1391 pietas
700 1311 774 1376 milri
796 1312 867 1375 belli
889 1313 975 1376 trista
996 1312 1098 1388 aieret,

268 1433 285 1488 d
303 1422 389 1496 Quod
411 1441 496 1496 meus
518 1422 688 1501 aggreditur
708 1441 770 1484 noo
791 1440 895 1487 erratu
916 1421 1040 1502 pingere
1060 1442 1158 1488 vorsu.

302 1532 327 1594 Ο
349 1533 468 1606 Musae,
492 1551 510 1594 o
532 1531 576 1597 ris
598 1531 711 1611 ingenii
732 1531 887 1604 sublimis,
911 1533 1023 1604 adesto,

300 1641 482 1726 Nuueopus
504 1641 613 1714 auxilio
635 1649 690 1705 est.
735 1640 759 1702 Ο
782 1660 880 1718 meus,
904 1661 979 1722 quae
1003 1642 1064 1704 risa
1084 1643 1206 1716 notasti,

301 1751 356 1814 llio
377 1760 427 1814 tua
450 1751 605 1824 nobilitas,
628 1751 679 1812 lrio
696 1752 760 1833 jam
781 1750 940 1814 maoilesta
961 1760 1106 1832 patesoet

343 1861 419 1924 Tum
440 1861 539 1942 prior,
563 1881 581 1922 o
604 1869 701 1935 rates,
723 1860 798 1933 dixi,
822 1881 840 1922 o
863 1861 935 1934 dux,
959 1860 1030 1942 quid
1052 1880 1118 1924 moa
1140 1863 1239 1942 possit

177 2007 180 2122 4
252 1987 285 2038 lo
300 1971 413 2044 Virtus,
438 1971 573 2051 explora,
596 1989 668 2042 uum
689 1971 729 2034 sit
749 1990 805 2050 par
825 1970 905 2050 ipsa,
927 1971 1103 2052 priusquam

301 2081 428 2145 Tantum
450 2080 507 2147 iter
528 2079 694 2158 ingrediar,
719 2080 766 2156 eui
787 2099 837 2144 mo
860 2081 1044 2144 committere
1067 2082 1174 2145 tendis.

300 2191 346 2252 Tu
367 2209 486 2264 narras,
510 2197 542 2264 ut
563 2191 660 2252 adhue
681 2190 800 2261 mortali
822 2209 948 2270 corpore
970 2199 1097 2261 onustus

298 2300 351 2362 llle
372 2319 482 2380 pareus
502 2300 585 2362 Suu
606 2300 737 2372 saeclum
758 2300 925 2365 immortale
945 2301 1059 2380 petivit,

299 2410 392 2490 ldque
413 2410 470 2472 luit
491 2429 592 2484 sensu.
635 2411 695 2472 Sed
716 2410 744 2475 si
765 2419 864 2484 tameo
887 2409 1112 2490 omnigenarum

252 2529 283 2582 15
301 2519 507 2600 Nequitiauuu
528 2539 600 2594 osor
621 2519 679 2588 tuit
701 2519 903 2598 indulgentior
924 2520 975 2582 isti

300 2631 397 2692 Altum
419 2629 517 2691 animo
540 2631 677 2702 ellectum
700 2629 863 2703 meditans,
887 2630 938 2710 qui
961 2638 1132 2708 exsurgeret
1153 2630 1233 2704 iude,

299 2741 337 2802 Et
359 2739 426 2820 quis
447 2739 493 2801 vir
514 2739 647 2820 qualisve
668 2740 748 2803 [oret
768 2748 931 2820 prognatus
954 2741 991 2806 ab
1014 2740 1090 2821 ipso,

299 2852 380 2913 Haeo
401 2849 516 2924 homiui
538 2868 612 2915 aauo
634 2868 684 2915 res
706 2849 785 2912 haud
807 2849 929 2928 indigua
950 2850 1075 2913 videtur.

175 2896 178 3056 l
298 2961 432 3040 Namque
455 2959 691 3032 amrelmum,
714 2957 874 3038 imperium
897 2979 971 3040 quae
993 2960 1133 3034 terminet
1153 2960 1252 3034 astris,

175 3057 178 3124 l
248 3084 282 3134 to
299 3071 425 3150 Legerat
446 3069 526 3130 huno
547 3076 664 3148 patrem
684 3069 791 3137 domus
814 3068 1029 3150 omnipotentis
1051 3069 1178 3150 Olympi,

301 3182 384 3254 Quae
406 3180 493 3253 urbs,
518 3198 593 3260 quae
615 3196 706 3258 regua
728 3178 811 3242 urhis
832 3159 974 3254 luerunt(
991 3185 1024 3242 ut
1044 3199 1113 3242 vera
1134 3181 1300 3261 loquamur,

299 3291 358 3352 Pro
380 3297 485 3364 sauoto
507 3288 638 3356 stabilita
660 3290 744 3363 loeo,
768 3307 825 3368 qua
848 3289 920 3350 sede
942 3289 1063 3352 sederet

299 3399 421 3482 lllajoris
443 3399 537 3460 Portu
559 3417 727 3463 suecessor.
768 3399 898 3476 Propter
920 3397 1056 3472 eundem,

302 3511 398 3584 Quem
418 3507 552 3585 reumatis
574 3507 724 3582 taetras,
746 3506 854 3584 irritum
875 3507 966 3570 multa
990 3507 1111 3570 auribus
1133 3507 1242 3580 hausit,

249 3632 282 3686 25
299 3619 383 3682 Uude
407 3618 450 3680 illi
472 3626 518 3680 est
539 3618 665 3697 posthae
687 3617 811 3690 viatoria
832 3625 932 3702 parta,
954 3616 1104 3698 simulque

299 3728 474 3790 Pontifioalo
497 3727 598 3804 domis,
642 3728 715 3792 Post
735 3729 828 3795 mullo
852 3747 885 3790 se
907 3727 1008 3792 intulit
1027 3727 1099 3793 illue

298 3840 355 3900 Vas
377 3838 502 3916 lemur,
524 3837 622 3914 sauoti
643 3839 790 3918 repletum
811 3837 942 3912 flaminis
963 3838 1042 3917 igne,

298 3949 364 4022 Vir,
386 3967 442 4028 per
463 3966 552 4028 quem
572 3947 624 4010 illa
645 3948 737 4011 Frui-:s
760 3948 819 4008 dux
839 3946 935 4026 prima
959 3957 988 4010 et
1008 3967 1076 4010 vera
1100 3947 1205 4013 salutas
1308 3967 1326 3972 ··

298 4058 332 4120 ln
355 4057 462 4123 mediis
486 4076 623 4120 aurarum
644 4055 733 4126 uudis
755 4057 890 4123 solamen
912 4057 1045 4120 haberet.
1073 4135 1078 4146 ¹

249 4174 282 4226 30
298 4169 352 4229 Ast
374 4186 428 4246 ego
452 4185 504 4228 our
526 4164 665 4244 veniam?
687 4167 763 4240 Quis
785 4164 858 4228 dat?
879 4167 945 4244 Nou
968 4167 1080 4231 Troius
1102 4168 1202 4242 heros,

298 4277 364 4340 Non
387 4296 442 4356 ogo
464 4295 531 4340 sum
552 4277 688 4351 Plutus,
709 4296 809 4356 oeque
832 4295 887 4354 ego
909 4277 967 4338 hoo
988 4295 1036 4338 me
1057 4296 1181 4343 munere
1203 4278 1333 4356 diguam,

298 4387 361 4450 Neo
383 4387 542 4468 quisquam
559 4385 666 4452 eredit.
712 4386 813 4462 Quare
832 4387 860 4448 si
882 4385 1005 4451 audacia
1029 4396 1108 4456 oerta
1132 4397 1179 4462 est
1220 4431 1224 4440 ·

274 4543 276 4549 ,
300 4498 361 4572 lra,
385 4497 475 4574 nimis
497 4515 616 4570 vereor,
640 4513 678 4561 ue
699 4495 740 4559 sit
761 4497 926 4572 deureotis3
948 4504 1035 4560 acuto
