<?xml version="1.0" encoding="UTF-8"?>
<!DOCTYPE html PUBLIC "-//W3C//DTD XHTML 1.0 Transitional//EN"
    "http://www.w3.org/TR/xhtml1/DTD/xhtml1-transitional.dtd">
<html xmlns="http://www.w3.org/1999/xhtml" xml:lang="en" lang="en">
 <head>
  <title>
</title>
<meta http-equiv="Content-Type" content="text/html;charset=utf-8" />
  <meta name='ocr-system' content='tesseract 3.04.00' />
  <meta name='ocr-capabilities' content='ocr_page ocr_carea ocr_par ocr_line ocrx_word'/>
</head>
<body>
  <div class='ocr_page' id='page_1' title='image "./divinacomoedia01piazgoog_0167.png"; bbox 0 0 3236 5394; ppageno 0'>
   <div class='ocr_carea' id='block_1_1' title="bbox 359 564 1066 626">
    <p class='ocr_par' dir='ltr' id='par_1_1' title="bbox 359 564 1066 626">
     <span class='ocr_line' id='line_1_1' title="bbox 359 564 1066 626; baseline -0.014 0"><span class='ocrx_word' id='word_1_1' title='bbox 359 564 418 626; x_wconf 83' lang='lat' dir='ltr'>llu</span> <span class='ocrx_word' id='word_1_2' title='bbox 778 565 971 616; x_wconf 84' lang='lat' dir='ltr'>iursnuoauu</span> <span class='ocrx_word' id='word_1_3' title='bbox 989 567 1066 616; x_wconf 85' lang='lat' dir='ltr'>xrrx.</span> 
     </span>
    </p>
   </div>
   <div class='ocr_carea' id='block_1_2' title="bbox 310 655 534 668">
    <p class='ocr_par' dir='ltr' id='par_1_2' title="bbox 310 655 534 668">
     <span class='ocr_line' id='line_1_2' title="bbox 310 655 534 668; baseline 0.009 -2"><span class='ocrx_word' id='word_1_4' title='bbox 310 655 534 668; x_wconf 54' lang='lat'>*—</span> 
     </span>
    </p>
   </div>
   <div class='ocr_carea' id='block_1_3' title="bbox 352 783 1372 2620">
    <p class='ocr_par' dir='ltr' id='par_1_3' title="bbox 352 783 1372 2620">
     <span class='ocr_line' id='line_1_3' title="bbox 424 783 1335 863; baseline 0.004 -19"><span class='ocrx_word' id='word_1_5' title='bbox 424 783 481 857; x_wconf 93' lang='lat' dir='ltr'>Qui</span> <span class='ocrx_word' id='word_1_6' title='bbox 503 791 580 863; x_wconf 80' lang='lat' dir='ltr'>regit</span> <span class='ocrx_word' id='word_1_7' title='bbox 600 784 684 844; x_wconf 90' lang='lat' dir='ltr'>haec.</span> <span class='ocrx_word' id='word_1_8' title='bbox 727 783 889 862; x_wconf 88' lang='lat' dir='ltr'>Postquam</span> <span class='ocrx_word' id='word_1_9' title='bbox 911 783 967 845; x_wconf 92' lang='lat' dir='ltr'>sub</span> <span class='ocrx_word' id='word_1_10' title='bbox 989 784 1090 863; x_wconf 87' lang='lat' dir='ltr'>pontis</span> <span class='ocrx_word' id='word_1_11' title='bbox 1112 784 1247 846; x_wconf 87' lang='lat' dir='ltr'>constitit</span> <span class='ocrx_word' id='word_1_12' title='bbox 1264 804 1335 848; x_wconf 87' lang='lat' dir='ltr'>arcu</span> 
     </span>
     <span class='ocr_line' id='line_1_4' title="bbox 422 893 1231 973; baseline 0.001 -18"><span class='ocrx_word' id='word_1_13' title='bbox 422 895 576 967; x_wconf 77' lang='lat' dir='ltr'>Armatus,</span> <span class='ocrx_word' id='word_1_14' title='bbox 599 894 731 954; x_wconf 80' lang='lat' dir='ltr'><strong>dextram</strong></span> <span class='ocrx_word' id='word_1_15' title='bbox 753 910 788 955; x_wconf 87' lang='lat' dir='ltr'>ac</span> <span class='ocrx_word' id='word_1_16' title='bbox 810 901 903 954; x_wconf 86' lang='lat' dir='ltr'>totum</span> <span class='ocrx_word' id='word_1_17' title='bbox 928 901 1015 973; x_wconf 89' lang='lat' dir='ltr'>caput</span> <span class='ocrx_word' id='word_1_18' title='bbox 1038 893 1141 956; x_wconf 82' lang='lat' dir='ltr'>extulit</span> <span class='ocrx_word' id='word_1_19' title='bbox 1163 895 1231 967; x_wconf 87' lang='lat' dir='ltr'>alte,</span> 
     </span>
     <span class='ocr_line' id='line_1_5' title="bbox 420 1003 1282 1066; baseline 0.002 -2"><span class='ocrx_word' id='word_1_20' title='bbox 420 1003 514 1066; x_wconf 88' lang='lat' dir='ltr'>Verba</span> <span class='ocrx_word' id='word_1_21' title='bbox 538 1003 710 1065; x_wconf 80' lang='lat' dir='ltr'>admoturus</span> <span class='ocrx_word' id='word_1_22' title='bbox 733 1003 820 1064; x_wconf 88' lang='lat' dir='ltr'>nobis</span> <span class='ocrx_word' id='word_1_23' title='bbox 843 1021 906 1065; x_wconf 90' lang='lat' dir='ltr'>sua.</span> <span class='ocrx_word' id='word_1_24' title='bbox 950 1003 1045 1065; x_wconf 88' lang='lat' dir='ltr'>Verba</span> <span class='ocrx_word' id='word_1_25' title='bbox 1068 1005 1189 1065; x_wconf 85' lang='lat' dir='ltr'>luerunt</span> <span class='ocrx_word' id='word_1_26' title='bbox 1280 1061 1282 1066; x_wconf 83' lang='grc'>.</span> 
     </span>
     <span class='ocr_line' id='line_1_6' title="bbox 420 1112 1262 1193; baseline 0 -18"><span class='ocrx_word' id='word_1_27' title='bbox 420 1115 496 1175; x_wconf 86' lang='lat' dir='ltr'>lsta:</span> <span class='ocrx_word' id='word_1_28' title='bbox 518 1112 606 1174; x_wconf 83' lang='lat' dir='ltr'>blodo</span> <span class='ocrx_word' id='word_1_29' title='bbox 629 1125 749 1174; x_wconf 86' lang='lat' dir='ltr'>nostrae</span> <span class='ocrx_word' id='word_1_30' title='bbox 771 1113 875 1174; x_wconf 91' lang='lat' dir='ltr'>durum</span> <span class='ocrx_word' id='word_1_31' title='bbox 897 1129 991 1189; x_wconf 82' lang='lat' dir='ltr'>genus</span> <span class='ocrx_word' id='word_1_32' title='bbox 1014 1113 1115 1193; x_wconf 79' lang='lat' dir='ltr'>aspice</span> <span class='ocrx_word' id='word_1_33' title='bbox 1137 1131 1262 1193; x_wconf 86' lang='lat' dir='ltr'>poenae,</span> 
     </span>
     <span class='ocr_line' id='line_1_7' title="bbox 356 1221 1229 1302; baseline 0.003 -19"><span class='ocrx_word' id='word_1_34' title='bbox 356 1224 481 1296; x_wconf 73' lang='grc'><strong>110111,</strong></span> <span class='ocrx_word' id='word_1_35' title='bbox 505 1223 554 1302; x_wconf 93' lang='lat' dir='ltr'>qui</span> <span class='ocrx_word' id='word_1_36' title='bbox 576 1221 660 1283; x_wconf 86' lang='lat' dir='ltr'>virus</span> <span class='ocrx_word' id='word_1_37' title='bbox 681 1223 779 1284; x_wconf 90' lang='lat' dir='ltr'>adbuc</span> <span class='ocrx_word' id='word_1_38' title='bbox 799 1223 918 1284; x_wconf 86' lang='lat' dir='ltr'>risurus</span> <span class='ocrx_word' id='word_1_39' title='bbox 939 1231 1035 1284; x_wconf 86' lang='lat' dir='ltr'>morte</span> <span class='ocrx_word' id='word_1_40' title='bbox 1057 1231 1229 1302; x_wconf 87' lang='lat' dir='ltr'>peremptus</span> 
     </span>
     <span class='ocr_line' id='line_1_8' title="bbox 420 1331 1248 1412; baseline -0.002 -18"><span class='ocrx_word' id='word_1_41' title='bbox 420 1335 485 1394; x_wconf 90' lang='lat' dir='ltr'>lluc</span> <span class='ocrx_word' id='word_1_42' title='bbox 506 1333 594 1407; x_wconf 88' lang='lat' dir='ltr'>ades,</span> <span class='ocrx_word' id='word_1_43' title='bbox 617 1340 706 1412; x_wconf 90' lang='lat' dir='ltr'>atque</span> <span class='ocrx_word' id='word_1_44' title='bbox 727 1332 808 1404; x_wconf 86' lang='lat' dir='ltr'>vide,</span> <span class='ocrx_word' id='word_1_45' title='bbox 832 1351 902 1394; x_wconf 88' lang='lat' dir='ltr'>num</span> <span class='ocrx_word' id='word_1_46' title='bbox 924 1331 964 1393; x_wconf 87' lang='lat' dir='ltr'>sit</span> <span class='ocrx_word' id='word_1_47' title='bbox 985 1331 1134 1395; x_wconf 81' lang='lat' dir='ltr'>crudelius</span> <span class='ocrx_word' id='word_1_48' title='bbox 1157 1332 1248 1393; x_wconf 88' lang='lat' dir='ltr'>ullum</span> 
     </span>
     <span class='ocr_line' id='line_1_9' title="bbox 420 1441 1309 1523; baseline -0.002 -19"><span class='ocrx_word' id='word_1_49' title='bbox 420 1442 623 1523; x_wconf 78' lang='lat' dir='ltr'>Supplicium3</span> <span class='ocrx_word' id='word_1_50' title='bbox 644 1453 736 1522; x_wconf 89' lang='lat' dir='ltr'>utque</span> <span class='ocrx_word' id='word_1_51' title='bbox 758 1441 869 1522; x_wconf 86' lang='lat' dir='ltr'>aliquid</span> <span class='ocrx_word' id='word_1_52' title='bbox 892 1441 987 1503; x_wconf 84' lang='lat' dir='ltr'>nostri</span> <span class='ocrx_word' id='word_1_53' title='bbox 1009 1461 1069 1504; x_wconf 88' lang='lat' dir='ltr'>uun</span> <span class='ocrx_word' id='word_1_54' title='bbox 1091 1441 1205 1507; x_wconf 89' lang='lat' dir='ltr'>inscius</span> <span class='ocrx_word' id='word_1_55' title='bbox 1228 1443 1309 1516; x_wconf 88' lang='lat' dir='ltr'>edas,</span> 
     </span>
     <span class='ocr_line' id='line_1_10' title="bbox 418 1551 1125 1614; baseline -0.001 -1"><span class='ocrx_word' id='word_1_56' title='bbox 418 1554 707 1614; x_wconf 78' lang='lat' dir='ltr'>Bumuaurcususcu</span> <span class='ocrx_word' id='word_1_57' title='bbox 728 1553 912 1613; x_wconf 76' lang='lat' dir='ltr'>Bnnruauuu</span> <span class='ocrx_word' id='word_1_58' title='bbox 933 1551 1009 1614; x_wconf 88' lang='lat' dir='ltr'>seito</span> <span class='ocrx_word' id='word_1_59' title='bbox 1031 1552 1125 1613; x_wconf 86' lang='lat' dir='ltr'>luisse</span> 
     </span>
     <span class='ocr_line' id='line_1_11' title="bbox 419 1659 1213 1741; baseline -0.004 -17"><span class='ocrx_word' id='word_1_60' title='bbox 419 1663 480 1736; x_wconf 88' lang='lat' dir='ltr'>Me,</span> <span class='ocrx_word' id='word_1_61' title='bbox 503 1661 602 1735; x_wconf 89' lang='lat' dir='ltr'>illum,</span> <span class='ocrx_word' id='word_1_62' title='bbox 625 1659 675 1741; x_wconf 94' lang='lat' dir='ltr'>qui</span> <span class='ocrx_word' id='word_1_63' title='bbox 698 1661 760 1740; x_wconf 82' lang='lat' dir='ltr'>regi</span> <span class='ocrx_word' id='word_1_64' title='bbox 783 1662 921 1723; x_wconf 81' lang='lat' dir='ltr'>dederam</span> <span class='ocrx_word' id='word_1_65' title='bbox 943 1679 1083 1741; x_wconf 78' lang='lat' dir='ltr'>perversa</span> <span class='ocrx_word' id='word_1_66' title='bbox 1103 1663 1213 1724; x_wconf 78' lang='lat' dir='ltr'>Jeauur</span> 
     </span>
     <span class='ocr_line' id='line_1_12' title="bbox 354 1770 1258 1851; baseline -0.007 -13"><span class='ocrx_word' id='word_1_67' title='bbox 354 1771 568 1844; x_wconf 71' lang='lat' dir='ltr'>laudamine,</span> <span class='ocrx_word' id='word_1_68' title='bbox 592 1781 680 1850; x_wconf 88' lang='lat' dir='ltr'>atque</span> <span class='ocrx_word' id='word_1_69' title='bbox 703 1770 734 1830; x_wconf 88' lang='lat' dir='ltr'>iu</span> <span class='ocrx_word' id='word_1_70' title='bbox 757 1789 790 1830; x_wconf 89' lang='lat' dir='ltr'>se</span> <span class='ocrx_word' id='word_1_71' title='bbox 811 1779 928 1850; x_wconf 85' lang='lat' dir='ltr'>patrem</span> <span class='ocrx_word' id='word_1_72' title='bbox 949 1779 1110 1851; x_wconf 90' lang='lat' dir='ltr'>natumque</span> <span class='ocrx_word' id='word_1_73' title='bbox 1132 1771 1258 1834; x_wconf 75' lang='lat' dir='ltr'><strong>rebelles</strong></span> 
     </span>
     <span class='ocr_line' id='line_1_13' title="bbox 418 1880 1190 1960; baseline 0 -17"><span class='ocrx_word' id='word_1_74' title='bbox 418 1881 545 1943; x_wconf 82' lang='lat' dir='ltr'>drmavi.</span> <span class='ocrx_word' id='word_1_75' title='bbox 588 1880 780 1960; x_wconf 72' lang='lat' dir='ltr'>brebitephel</span> <span class='ocrx_word' id='word_1_76' title='bbox 802 1897 862 1941; x_wconf 90' lang='lat' dir='ltr'>non</span> <span class='ocrx_word' id='word_1_77' title='bbox 884 1880 929 1942; x_wconf 87' lang='lat' dir='ltr'>sic</span> <span class='ocrx_word' id='word_1_78' title='bbox 951 1881 1107 1942; x_wconf 83' lang='lat' dir='ltr'>furialibus</span> <span class='ocrx_word' id='word_1_79' title='bbox 1129 1882 1190 1959; x_wconf 77' lang='lat' dir='ltr'>egit</span> 
     </span>
     <span class='ocr_line' id='line_1_14' title="bbox 418 1989 1230 2064; baseline 0 -12"><span class='ocrx_word' id='word_1_80' title='bbox 418 1990 620 2052; x_wconf 89' lang='lat' dir='ltr'>Maacbiadem</span> <span class='ocrx_word' id='word_1_81' title='bbox 642 1989 786 2064; x_wconf 89' lang='lat' dir='ltr'>stimulis,</span> <span class='ocrx_word' id='word_1_82' title='bbox 809 2009 865 2052; x_wconf 89' lang='lat' dir='ltr'>nee</span> <span class='ocrx_word' id='word_1_83' title='bbox 888 1999 969 2052; x_wconf 89' lang='lat' dir='ltr'>tanto</span> <span class='ocrx_word' id='word_1_84' title='bbox 991 1990 1111 2052; x_wconf 86' lang='lat' dir='ltr'>vulnere</span> <span class='ocrx_word' id='word_1_85' title='bbox 1133 1992 1230 2053; x_wconf 90' lang='lat' dir='ltr'>luctus</span> 
     </span>
     <span class='ocr_line' id='line_1_15' title="bbox 418 2099 1253 2182; baseline 0 -20"><span class='ocrx_word' id='word_1_86' title='bbox 418 2101 559 2162; x_wconf 84' lang='lat' dir='ltr'>Davidem</span> <span class='ocrx_word' id='word_1_87' title='bbox 581 2099 742 2180; x_wconf 83' lang='lat' dir='ltr'>oppressit.</span> <span class='ocrx_word' id='word_1_88' title='bbox 786 2100 900 2174; x_wconf 82' lang='lat' dir='ltr'>Quare,</span> <span class='ocrx_word' id='word_1_89' title='bbox 923 2108 984 2162; x_wconf 88' lang='lat' dir='ltr'>tam</span> <span class='ocrx_word' id='word_1_90' title='bbox 1004 2101 1106 2182; x_wconf 83' lang='lat' dir='ltr'>juncta</span> <span class='ocrx_word' id='word_1_91' title='bbox 1128 2102 1253 2163; x_wconf 88' lang='lat' dir='ltr'>duorum</span> 
     </span>
     <span class='ocr_line' id='line_1_16' title="bbox 418 2209 1179 2289; baseline 0.003 -19"><span class='ocrx_word' id='word_1_92' title='bbox 418 2209 510 2271; x_wconf 85' lang='lat' dir='ltr'>Divisi</span> <span class='ocrx_word' id='word_1_93' title='bbox 533 2209 583 2289; x_wconf 93' lang='lat' dir='ltr'>qui</span> <span class='ocrx_word' id='word_1_94' title='bbox 606 2209 696 2271; x_wconf 88' lang='lat' dir='ltr'>corda</span> <span class='ocrx_word' id='word_1_95' title='bbox 717 2209 827 2283; x_wconf 86' lang='lat' dir='ltr'>virum,</span> <span class='ocrx_word' id='word_1_96' title='bbox 850 2210 895 2272; x_wconf 89' lang='lat' dir='ltr'>sic</span> <span class='ocrx_word' id='word_1_97' title='bbox 917 2227 996 2271; x_wconf 90' lang='lat' dir='ltr'>nunc</span> <span class='ocrx_word' id='word_1_98' title='bbox 1018 2229 1072 2289; x_wconf 80' lang='lat' dir='ltr'>ege</span> <span class='ocrx_word' id='word_1_99' title='bbox 1096 2219 1179 2289; x_wconf 79' lang='lat' dir='ltr'>geste</span> 
     </span>
     <span class='ocr_line' id='line_1_17' title="bbox 352 2318 1308 2401; baseline -0.002 -19"><span class='ocrx_word' id='word_1_100' title='bbox 352 2331 400 2382; x_wconf 81' lang='lat'>130</span> <span class='ocrx_word' id='word_1_101' title='bbox 416 2319 549 2381; x_wconf 82' lang='lat' dir='ltr'>[livisum</span> <span class='ocrx_word' id='word_1_102' title='bbox 571 2319 740 2393; x_wconf 88' lang='lat' dir='ltr'>cerebrum,</span> <span class='ocrx_word' id='word_1_103' title='bbox 765 2318 870 2380; x_wconf 84' lang='lat' dir='ltr'>miseri</span> <span class='ocrx_word' id='word_1_104' title='bbox 893 2338 988 2399; x_wconf 88' lang='lat' dir='ltr'>usque</span> <span class='ocrx_word' id='word_1_105' title='bbox 1011 2321 1047 2382; x_wconf 87' lang='lat' dir='ltr'>ab</span> <span class='ocrx_word' id='word_1_106' title='bbox 1070 2320 1184 2399; x_wconf 83' lang='lat' dir='ltr'>origine</span> <span class='ocrx_word' id='word_1_107' title='bbox 1204 2321 1308 2401; x_wconf 88' lang='lat' dir='ltr'>prima,</span> 
     </span>
     <span class='ocr_line' id='line_1_18' title="bbox 416 2428 1372 2510; baseline 0.001 -21"><span class='ocrx_word' id='word_1_108' title='bbox 416 2429 477 2490; x_wconf 90' lang='lat' dir='ltr'>lsto</span> <span class='ocrx_word' id='word_1_109' title='bbox 501 2428 630 2508; x_wconf 87' lang='lat' dir='ltr'>quaein</span> <span class='ocrx_word' id='word_1_110' title='bbox 652 2437 757 2490; x_wconf 85' lang='lat' dir='ltr'>trunco</span> <span class='ocrx_word' id='word_1_111' title='bbox 780 2437 834 2490; x_wconf 89' lang='lat' dir='ltr'>est.</span> <span class='ocrx_word' id='word_1_112' title='bbox 879 2429 931 2492; x_wconf 89' lang='lat' dir='ltr'>Sic</span> <span class='ocrx_word' id='word_1_113' title='bbox 952 2430 998 2490; x_wconf 89' lang='lat' dir='ltr'>lex</span> <span class='ocrx_word' id='word_1_114' title='bbox 1020 2449 1074 2510; x_wconf 90' lang='lat' dir='ltr'>prc</span> <span class='ocrx_word' id='word_1_115' title='bbox 1098 2431 1187 2493; x_wconf 88' lang='lat' dir='ltr'>deute</span> <span class='ocrx_word' id='word_1_116' title='bbox 1207 2447 1372 2510; x_wconf 87' lang='lat' dir='ltr'>reposcens</span> 
     </span>
     <span class='ocr_line' id='line_1_19' title="bbox 416 2538 1306 2620; baseline 0 -20"><span class='ocrx_word' id='word_1_117' title='bbox 416 2539 554 2605; x_wconf 78' lang='lat' dir='ltr'>[lentem.</span> <span class='ocrx_word' id='word_1_118' title='bbox 578 2538 655 2599; x_wconf 90' lang='lat' dir='ltr'>baud</span> <span class='ocrx_word' id='word_1_119' title='bbox 679 2539 831 2600; x_wconf 86' lang='lat' dir='ltr'>absimiles</span> <span class='ocrx_word' id='word_1_120' title='bbox 849 2539 942 2620; x_wconf 86' lang='lat' dir='ltr'>jussit</span> <span class='ocrx_word' id='word_1_121' title='bbox 963 2559 1009 2600; x_wconf 89' lang='lat' dir='ltr'>me</span> <span class='ocrx_word' id='word_1_122' title='bbox 1031 2541 1162 2619; x_wconf 88' lang='lat' dir='ltr'>pendere</span> <span class='ocrx_word' id='word_1_123' title='bbox 1184 2557 1306 2619; x_wconf 82' lang='lat' dir='ltr'>poenas.</span> 
     </span>
    </p>
   </div>
   <div class='ocr_carea' id='block_1_4' title="bbox 895 2799 1008 2882">
    <p class='ocr_par' dir='ltr' id='par_1_4' title="bbox 895 2799 1008 2882">
     <span class='ocr_line' id='line_1_20' title="bbox 895 2799 1008 2882; baseline 0 0"><span class='ocrx_word' id='word_1_124' title='bbox 895 2799 1008 2882; x_wconf 82' lang='lat' dir='ltr'>XXlX·</span> 
     </span>
    </p>
   </div>
   <div class='ocr_carea' id='block_1_5' title="bbox 364 2976 1388 4156">
    <p class='ocr_par' dir='ltr' id='par_1_5' title="bbox 415 2976 1388 3386">
     <span class='ocr_line' id='line_1_21' title="bbox 458 2976 1345 3059; baseline 0.002 -21"><span class='ocrx_word' id='word_1_125' title='bbox 458 2977 509 3038; x_wconf 87' lang='lat' dir='ltr'>Sic</span> <span class='ocrx_word' id='word_1_126' title='bbox 530 2976 603 3037; x_wconf 92' lang='lat' dir='ltr'>mibi</span> <span class='ocrx_word' id='word_1_127' title='bbox 627 2977 710 3038; x_wconf 84' lang='lat' dir='ltr'>turba</span> <span class='ocrx_word' id='word_1_128' title='bbox 733 2978 888 3056; x_wconf 81' lang='lat' dir='ltr'>frequens,</span> <span class='ocrx_word' id='word_1_129' title='bbox 912 2979 1086 3059; x_wconf 86' lang='lat' dir='ltr'>diversaque</span> <span class='ocrx_word' id='word_1_130' title='bbox 1107 2979 1228 3041; x_wconf 90' lang='lat' dir='ltr'>vulnera</span> <span class='ocrx_word' id='word_1_131' title='bbox 1251 2979 1345 3040; x_wconf 84' lang='lat' dir='ltr'>visum</span> 
     </span>
     <span class='ocr_line' id='line_1_22' title="bbox 417 3086 1336 3168; baseline 0.003 -21"><span class='ocrx_word' id='word_1_132' title='bbox 417 3087 606 3148; x_wconf 76' lang='lat' dir='ltr'>Abstulerant</span> <span class='ocrx_word' id='word_1_133' title='bbox 627 3086 784 3161; x_wconf 77' lang='lat' dir='ltr'>domitum,</span> <span class='ocrx_word' id='word_1_134' title='bbox 808 3097 841 3148; x_wconf 93' lang='lat' dir='ltr'>ut</span> <span class='ocrx_word' id='word_1_135' title='bbox 862 3098 1007 3168; x_wconf 78' lang='lat' dir='ltr'>cuperent</span> <span class='ocrx_word' id='word_1_136' title='bbox 1026 3108 1093 3150; x_wconf 88' lang='lat' dir='ltr'>mea</span> <span class='ocrx_word' id='word_1_137' title='bbox 1114 3088 1226 3149; x_wconf 87' lang='lat' dir='ltr'>lumina</span> <span class='ocrx_word' id='word_1_138' title='bbox 1248 3089 1336 3167; x_wconf 79' lang='lat' dir='ltr'>longa</span> 
     </span>
     <span class='ocr_line' id='line_1_23' title="bbox 415 3194 1388 3278; baseline -0.002 -20"><span class='ocrx_word' id='word_1_139' title='bbox 415 3197 501 3258; x_wconf 89' lang='lat' dir='ltr'>Flere</span> <span class='ocrx_word' id='word_1_140' title='bbox 523 3215 616 3257; x_wconf 89' lang='lat' dir='ltr'>mora.</span> <span class='ocrx_word' id='word_1_141' title='bbox 659 3199 711 3258; x_wconf 80' lang='lat' dir='ltr'>m:</span> <span class='ocrx_word' id='word_1_142' title='bbox 737 3198 815 3270; x_wconf 85' lang='lat' dir='ltr'>Quid</span> <span class='ocrx_word' id='word_1_143' title='bbox 838 3199 948 3272; x_wconf 87' lang='lat' dir='ltr'>adbuc,</span> <span class='ocrx_word' id='word_1_144' title='bbox 971 3207 1053 3260; x_wconf 87' lang='lat' dir='ltr'>vates</span> <span class='ocrx_word' id='word_1_145' title='bbox 1076 3198 1131 3271; x_wconf 90' lang='lat' dir='ltr'>ait,</span> <span class='ocrx_word' id='word_1_146' title='bbox 1154 3198 1267 3278; x_wconf 87' lang='lat' dir='ltr'>aspicis</span> <span class='ocrx_word' id='word_1_147' title='bbox 1289 3194 1388 3260; x_wconf 78' lang='lat' dir='ltr'>ultra?</span> 
     </span>
     <span class='ocr_line' id='line_1_24' title="bbox 415 3306 1221 3386; baseline 0.001 -19"><span class='ocrx_word' id='word_1_148' title='bbox 415 3307 452 3367; x_wconf 84' lang='lat' dir='ltr'>Et</span> <span class='ocrx_word' id='word_1_149' title='bbox 474 3306 545 3386; x_wconf 92' lang='lat' dir='ltr'>quid</span> <span class='ocrx_word' id='word_1_150' title='bbox 567 3307 678 3378; x_wconf 88' lang='lat' dir='ltr'>adbuc,</span> <span class='ocrx_word' id='word_1_151' title='bbox 702 3307 767 3368; x_wconf 89' lang='lat' dir='ltr'>acie</span> <span class='ocrx_word' id='word_1_152' title='bbox 789 3309 896 3382; x_wconf 88' lang='lat' dir='ltr'>delixa,</span> <span class='ocrx_word' id='word_1_153' title='bbox 920 3308 1082 3369; x_wconf 87' lang='lat' dir='ltr'>immobilis</span> <span class='ocrx_word' id='word_1_154' title='bbox 1104 3308 1221 3381; x_wconf 79' lang='lat' dir='ltr'>haeres,</span> 
     </span>
    </p>

    <p class='ocr_par' dir='ltr' id='par_1_6' title="bbox 364 3416 1384 4156">
     <span class='ocr_line' id='line_1_25' title="bbox 381 3416 1199 3497; baseline 0 -19"><span class='ocrx_word' id='word_1_155' title='bbox 381 3425 397 3478; x_wconf 84' lang='lat'>5</span> <span class='ocrx_word' id='word_1_156' title='bbox 416 3417 541 3478; x_wconf 86' lang='lat' dir='ltr'>Carcere</span> <span class='ocrx_word' id='word_1_157' title='bbox 563 3416 617 3476; x_wconf 91' lang='lat' dir='ltr'>sub</span> <span class='ocrx_word' id='word_1_158' title='bbox 640 3416 718 3477; x_wconf 91' lang='lat' dir='ltr'>tristi</span> <span class='ocrx_word' id='word_1_159' title='bbox 741 3419 922 3497; x_wconf 87' lang='lat' dir='ltr'>speculando</span> <span class='ocrx_word' id='word_1_160' title='bbox 943 3419 1064 3479; x_wconf 88' lang='lat' dir='ltr'>vulnere</span> <span class='ocrx_word' id='word_1_161' title='bbox 1086 3418 1199 3496; x_wconf 84' lang='lat' dir='ltr'>passim</span> 
     </span>
     <span class='ocr_line' id='line_1_26' title="bbox 413 3525 1222 3608; baseline 0.002 -22"><span class='ocrx_word' id='word_1_162' title='bbox 413 3525 568 3605; x_wconf 82' lang='lat' dir='ltr'>Multiplici</span> <span class='ocrx_word' id='word_1_163' title='bbox 590 3525 703 3588; x_wconf 87' lang='lat' dir='ltr'>laceras</span> <span class='ocrx_word' id='word_1_164' title='bbox 725 3526 870 3589; x_wconf 82' lang='lat' dir='ltr'>umbras?</span> <span class='ocrx_word' id='word_1_165' title='bbox 892 3529 944 3590; x_wconf 90' lang='lat' dir='ltr'>Sic</span> <span class='ocrx_word' id='word_1_166' title='bbox 964 3527 1109 3608; x_wconf 88' lang='lat' dir='ltr'>temperis</span> <span class='ocrx_word' id='word_1_167' title='bbox 1131 3528 1222 3588; x_wconf 84' lang='lat' dir='ltr'>horas</span> 
     </span>
     <span class='ocr_line' id='line_1_27' title="bbox 414 3635 1202 3715; baseline 0.004 -20"><span class='ocrx_word' id='word_1_168' title='bbox 414 3637 457 3696; x_wconf 84' lang='lat' dir='ltr'>Te</span> <span class='ocrx_word' id='word_1_169' title='bbox 478 3635 577 3696; x_wconf 86' lang='lat' dir='ltr'>flendo</span> <span class='ocrx_word' id='word_1_170' title='bbox 600 3635 679 3695; x_wconf 91' lang='lat' dir='ltr'>baud</span> <span class='ocrx_word' id='word_1_171' title='bbox 701 3635 778 3697; x_wconf 88' lang='lat' dir='ltr'>aliae</span> <span class='ocrx_word' id='word_1_172' title='bbox 798 3637 937 3699; x_wconf 85' lang='lat' dir='ltr'>viderunt</span> <span class='ocrx_word' id='word_1_173' title='bbox 957 3639 1066 3700; x_wconf 88' lang='lat' dir='ltr'>ducere</span> <span class='ocrx_word' id='word_1_174' title='bbox 1086 3637 1202 3715; x_wconf 77' lang='lat' dir='ltr'>bulgae.</span> 
     </span>
     <span class='ocr_line' id='line_1_28' title="bbox 413 3744 1256 3827; baseline 0.004 -22"><span class='ocrx_word' id='word_1_175' title='bbox 413 3746 493 3806; x_wconf 88' lang='lat' dir='ltr'>Haec</span> <span class='ocrx_word' id='word_1_176' title='bbox 514 3744 614 3818; x_wconf 86' lang='lat' dir='ltr'>vallis,</span> <span class='ocrx_word' id='word_1_177' title='bbox 637 3746 712 3805; x_wconf 89' lang='lat' dir='ltr'>bene</span> <span class='ocrx_word' id='word_1_178' title='bbox 736 3747 761 3806; x_wconf 91' lang='lat' dir='ltr'>si</span> <span class='ocrx_word' id='word_1_179' title='bbox 783 3763 938 3820; x_wconf 87' lang='lat' dir='ltr'>numeres,</span> <span class='ocrx_word' id='word_1_180' title='bbox 961 3766 1016 3827; x_wconf 94' lang='lat' dir='ltr'>per</span> <span class='ocrx_word' id='word_1_181' title='bbox 1037 3747 1129 3808; x_wconf 89' lang='lat' dir='ltr'>millia</span> <span class='ocrx_word' id='word_1_182' title='bbox 1152 3747 1256 3810; x_wconf 87' lang='lat' dir='ltr'>ductes</span> 
     </span>
     <span class='ocr_line' id='line_1_29' title="bbox 411 3855 1210 3953; baseline 0.003 -37"><span class='ocrx_word' id='word_1_183' title='bbox 411 3855 566 3953; x_wconf 44' lang='lat' dir='ltr'>Ris&#39;patet</span> <span class='ocrx_word' id='word_1_184' title='bbox 587 3855 724 3916; x_wconf 87' lang='lat' dir='ltr'>undenus</span> <span class='ocrx_word' id='word_1_185' title='bbox 746 3874 869 3934; x_wconf 80' lang='lat' dir='ltr'>passus3</span> <span class='ocrx_word' id='word_1_186' title='bbox 889 3857 1010 3938; x_wconf 85' lang='lat' dir='ltr'>jamque</span> <span class='ocrx_word' id='word_1_187' title='bbox 1033 3877 1121 3919; x_wconf 81' lang='lat' dir='ltr'>aurea</span> <span class='ocrx_word' id='word_1_188' title='bbox 1142 3857 1210 3918; x_wconf 87' lang='lat' dir='ltr'>luna</span> 
     </span>
     <span class='ocr_line' id='line_1_30' title="bbox 364 3963 1199 4048; baseline -0.002 -20"><span class='ocrx_word' id='word_1_189' title='bbox 364 3977 395 4028; x_wconf 88' lang='lat'>10</span> <span class='ocrx_word' id='word_1_190' title='bbox 412 3964 473 4026; x_wconf 91' lang='lat' dir='ltr'>Sub</span> <span class='ocrx_word' id='word_1_191' title='bbox 494 3963 622 4043; x_wconf 88' lang='lat' dir='ltr'>pedibus</span> <span class='ocrx_word' id='word_1_192' title='bbox 644 3965 723 4026; x_wconf 85' lang='lat' dir='ltr'>lucet</span> <span class='ocrx_word' id='word_1_193' title='bbox 743 3967 870 4040; x_wconf 88' lang='lat' dir='ltr'>nestris,</span> <span class='ocrx_word' id='word_1_194' title='bbox 890 3967 1012 4048; x_wconf 85' lang='lat' dir='ltr'>jamque</span> <span class='ocrx_word' id='word_1_195' title='bbox 1034 3967 1108 4028; x_wconf 88' lang='lat' dir='ltr'>hera</span> <span class='ocrx_word' id='word_1_196' title='bbox 1130 3966 1199 4040; x_wconf 89' lang='lat' dir='ltr'>diei,</span> 
     </span>
     <span class='ocr_line' id='line_1_31' title="bbox 413 4074 1384 4156; baseline 0.005 -22"><span class='ocrx_word' id='word_1_197' title='bbox 413 4074 496 4147; x_wconf 86' lang='lat' dir='ltr'>Quae</span> <span class='ocrx_word' id='word_1_198' title='bbox 518 4075 618 4148; x_wconf 87' lang='lat' dir='ltr'>datur,</span> <span class='ocrx_word' id='word_1_199' title='bbox 642 4075 833 4153; x_wconf 67' lang='lat' dir='ltr'>exigua‘estq</span> <span class='ocrx_word' id='word_1_200' title='bbox 855 4076 978 4138; x_wconf 86' lang='lat' dir='ltr'>minime</span> <span class='ocrx_word' id='word_1_201' title='bbox 1000 4088 1031 4138; x_wconf 84' lang='lat' dir='ltr'>et</span> <span class='ocrx_word' id='word_1_202' title='bbox 1054 4077 1133 4156; x_wconf 90' lang='lat' dir='ltr'>quod</span> <span class='ocrx_word' id='word_1_203' title='bbox 1154 4095 1235 4148; x_wconf 89' lang='lat' dir='ltr'>rere,</span> <span class='ocrx_word' id='word_1_204' title='bbox 1257 4075 1384 4138; x_wconf 84' lang='lat' dir='ltr'>ridenda</span> 
     </span>
    </p>
   </div>
   <div class='ocr_carea' id='block_1_6' title="bbox 249 4183 1338 4596">
    <p class='ocr_par' dir='ltr' id='par_1_7' title="bbox 410 4183 1338 4375">
     <span class='ocr_line' id='line_1_32' title="bbox 411 4183 1338 4266; baseline 0.004 -23"><span class='ocrx_word' id='word_1_205' title='bbox 411 4183 500 4244; x_wconf 86' lang='lat' dir='ltr'>Multa</span> <span class='ocrx_word' id='word_1_206' title='bbox 522 4195 652 4245; x_wconf 86' lang='lat' dir='ltr'>manent.</span> <span class='ocrx_word' id='word_1_207' title='bbox 696 4185 758 4263; x_wconf 76' lang='lat' dir='ltr'>Ego</span> <span class='ocrx_word' id='word_1_208' title='bbox 780 4187 939 4265; x_wconf 84' lang='lat' dir='ltr'>respondi:</span> <span class='ocrx_word' id='word_1_209' title='bbox 964 4187 995 4247; x_wconf 91' lang='lat' dir='ltr'>Si</span> <span class='ocrx_word' id='word_1_210' title='bbox 1018 4205 1180 4266; x_wconf 82' lang='lat' dir='ltr'>agnoscere</span> <span class='ocrx_word' id='word_1_211' title='bbox 1202 4205 1338 4248; x_wconf 85' lang='lat' dir='ltr'>caussam</span> 
     </span>
     <span class='ocr_line' id='line_1_33' title="bbox 410 4293 1124 4375; baseline 0.007 -23"><span class='ocrx_word' id='word_1_212' title='bbox 410 4293 449 4353; x_wconf 84' lang='lat' dir='ltr'>Et</span> <span class='ocrx_word' id='word_1_213' title='bbox 471 4301 501 4354; x_wconf 92' lang='lat' dir='ltr'>tu</span> <span class='ocrx_word' id='word_1_214' title='bbox 523 4293 689 4372; x_wconf 84' lang='lat' dir='ltr'>quivisses,</span> <span class='ocrx_word' id='word_1_215' title='bbox 712 4314 765 4356; x_wconf 91' lang='lat' dir='ltr'>cur</span> <span class='ocrx_word' id='word_1_216' title='bbox 785 4295 916 4375; x_wconf 85' lang='lat' dir='ltr'>undique</span> <span class='ocrx_word' id='word_1_217' title='bbox 937 4297 1124 4375; x_wconf 81' lang='lat' dir='ltr'>vestigarem,</span> 
     </span>
    </p>

    <p class='ocr_par' dir='ltr' id='par_1_8' title="bbox 413 4401 1253 4484">
     <span class='ocr_line' id='line_1_34' title="bbox 413 4401 1253 4484; baseline 0.005 -22"><span class='ocrx_word' id='word_1_218' title='bbox 413 4401 576 4464; x_wconf 87' lang='lat' dir='ltr'>Cunctandi</span> <span class='ocrx_word' id='word_1_219' title='bbox 598 4403 723 4466; x_wconf 83' lang='lat' dir='ltr'>ulterius</span> <span class='ocrx_word' id='word_1_220' title='bbox 745 4405 875 4484; x_wconf 86' lang='lat' dir='ltr'>spatium</span> <span class='ocrx_word' id='word_1_221' title='bbox 896 4406 985 4468; x_wconf 86' lang='lat' dir='ltr'>breve</span> <span class='ocrx_word' id='word_1_222' title='bbox 1008 4407 1085 4467; x_wconf 83' lang='lat' dir='ltr'>lurtc</span> <span class='ocrx_word' id='word_1_223' title='bbox 1107 4406 1253 4468; x_wconf 86' lang='lat' dir='ltr'>dedisses.</span> 
     </span>
    </p>

    <p class='ocr_par' dir='ltr' id='par_1_9' title="bbox 249 4511 1299 4596">
     <span class='ocr_line' id='line_1_35' title="bbox 249 4511 1299 4596; baseline 0.003 -22"><span class='ocrx_word' id='word_1_224' title='bbox 249 4565 252 4574; x_wconf 79' lang='grc'>,</span> <span class='ocrx_word' id='word_1_225' title='bbox 363 4516 394 4570; x_wconf 80' lang='grc'>15</span> <span class='ocrx_word' id='word_1_226' title='bbox 453 4511 506 4572; x_wconf 89' lang='lat' dir='ltr'>llle</span> <span class='ocrx_word' id='word_1_227' title='bbox 528 4511 590 4574; x_wconf 89' lang='lat' dir='ltr'>ibat</span> <span class='ocrx_word' id='word_1_228' title='bbox 610 4513 737 4593; x_wconf 91' lang='lat' dir='ltr'>partim,</span> <span class='ocrx_word' id='word_1_229' title='bbox 761 4515 945 4593; x_wconf 77' lang='lat' dir='ltr'>gradientem</span> <span class='ocrx_word' id='word_1_230' title='bbox 967 4535 1021 4596; x_wconf 80' lang='lat' dir='ltr'>ege</span> <span class='ocrx_word' id='word_1_231' title='bbox 1043 4535 1121 4596; x_wconf 88' lang='lat' dir='ltr'>pene</span> <span class='ocrx_word' id='word_1_232' title='bbox 1144 4517 1299 4596; x_wconf 85' lang='lat' dir='ltr'>sequebar,</span> 
     </span>
    </p>
   </div>
   <div class='ocr_carea' id='block_1_7' title="bbox 0 0 1622 5394">
    <p class='ocr_par' dir='ltr' id='par_1_10' title="bbox 0 0 1622 5394">
     <span class='ocr_line' id='line_1_36' title="bbox 0 0 1622 5394; baseline 0 0"><span class='ocrx_word' id='word_1_233' title='bbox 0 0 1622 5394; x_wconf 95' lang='lat' dir='ltr'> </span> 
     </span>
    </p>
   </div>
  </div>
 </body>
</html>
