3234 5396
120 463 784 680 Ιῤ--ψ-ΡΑΗΑΒΙΜ
802 523 820 572 l.

119 1949 120 1973 *
229 1909 336 2023 Illius,
360 1951 409 2028 qui
433 1958 538 2012 cuncta
560 1958 667 2024 moret,
692 1969 880 2030 quecumque
902 1959 1036 2029 penetrat

230 2060 339 2132 Gloria,
363 2061 490 2140 plusque
512 2059 555 2121 illi
577 2061 654 2138 parti
676 2061 763 2132 cedit,
787 2060 885 2121 minus
909 2060 951 2122 illi
1133 2041 1136 2048 ⁵

229 2170 272 2232 lie
295 2169 456 2249 splendore
478 2188 544 2232 suo.
590 2171 676 2243 Quod
697 2171 764 2249 plus
788 2170 907 2231 deducit
928 2169 964 2231 ab
987 2171 1052 2249 ipsa

229 2280 330 2352 Lucis,
354 2296 409 2356 ego
432 2279 547 2340 coelum
570 2279 675 2340 deveni
698 2280 820 2341 actalia
843 2277 911 2352 vidi,

197 2396 212 2450 5
231 2389 336 2462 Qualia
358 2408 413 2449 uec
436 2389 501 2461 seit,
524 2407 580 2451 nec
601 2389 682 2468 potis
705 2396 751 2450 est
771 2407 902 2468 unquam
925 2388 994 2450 inde
1016 2406 1153 2450 reversus

229 2499 344 2560 Dicere.
388 2498 521 2577 Namque
544 2497 660 2560 animus
683 2498 824 2560 desiderii
846 2516 941 2578 prope
964 2515 1110 2558 summam

230 2608 393 2680 decedens,
416 2614 510 2668 totum
532 2616 603 2668 tunc
625 2625 692 2668 sese
714 2606 846 2669 immittit
867 2609 898 2670 in
920 2606 1009 2678 istud,

230 2718 267 2779 Ut
287 2735 373 2778 mens
395 2725 498 2808 nostra
521 2717 605 2796 sequi
628 2723 767 2796 repetens
789 2736 850 2778 nou
871 2718 969 2796 pessit
990 2726 1118 2779 euntem.

230 2828 347 2900 Verum,
372 2803 446 2905 quae
468 2827 551 2905 potui
575 2826 612 2888 de
634 2835 736 2888 sancte
759 2828 890 2889 condere
911 2845 1003 2906 regno

152 2921 154 2926 ,
183 2938 337 3009 leniente,
361 2936 435 3016 haec
457 2936 611 2998 materiam
632 2937 817 3015 praebebunt
841 2937 980 2998 carminis
1003 2937 1093 2997 ausis.

272 3047 459 3107 Postremum
481 3047 569 3119 hunc,
592 3046 671 3107 bone
692 3046 809 3125 Apollo,
830 3046 904 3107 mihi
926 3045 1058 3106 cencede
1079 3044 1221 3120 laborem,

230 3157 323 3218 Effice
346 3175 453 3234 meque
474 3164 524 3217 tua
546 3173 598 3216 vas
621 3155 666 3216 sic
686 3155 791 3216 virtute
813 3155 968 3234 repletum,

229 3267 268 3328 Ut
287 3266 375 3345 petis,
399 3285 434 3327 ex
455 3263 539 3326 lauro
560 3265 634 3326 mihi
657 3272 751 3326 amata
773 3273 853 3325 serta
874 3265 1006 3325 daturus

231 3378 282 3438 Sat
303 3375 390 3436 nobis
412 3381 544 3436 tentasse
563 3375 669 3455 jugum
691 3375 747 3435 suit
767 3375 910 3436 hactenus
932 3391 1025 3436 unum

183 3501 213 3554 15
230 3486 386 3559 Parnassi3
408 3485 556 3564 reliquum
578 3493 625 3546 ast
646 3503 723 3563 epus
745 3493 792 3546 est
812 3484 902 3544 modo
923 3483 999 3545 inire
1021 3502 1076 3563 per
1096 3483 1182 3544 ambo

232 3596 385 3675 Campum.
427 3595 488 3656 Fac
510 3595 604 3656 intres
625 3613 691 3656 mea
714 3602 844 3673 pectora,
867 3603 959 3673 tuque
980 3600 1085 3672 poetae

230 3705 366 3783 Adspice,
391 3704 496 3783 qualis,
520 3723 586 3766 cum
608 3711 638 3766 te
660 3704 728 3766 tulit
748 3705 876 3783 impetus
898 3703 979 3776 clim,

231 3814 358 3877 dudaeis
381 3814 477 3893 Satyri
497 3815 601 3892 vagina
623 3814 753 3893 diripere
776 3821 866 3875 anus.

232 3924 256 3985 0
279 3925 370 3984 virtus
392 3923 499 3993 divina,
522 3941 607 3984 meae
628 3924 654 3983 si
677 3930 708 3984 tu
730 3923 837 3984 annuis
859 3923 915 3983 arti

181 4043 214 4094 2⁰
231 4033 331 4114 Usque
354 4033 437 4106 adeo,
460 4041 494 4094 ut
514 4051 569 4112 per
589 4051 647 4106 me,
671 4051 746 4112 quae
769 4040 828 4094 stat
848 4033 961 4110 signata
983 4029 1062 4092 beati

231 4143 265 4203 ln
288 4141 384 4221 capite
405 4141 510 4204 umbra
532 4161 599 4205 meo
621 4143 715 4221 regni,
736 4143 893 4203 manifesta
915 4147 1063 4220 patescat3

230 4253 274 4313 Ad
296 4250 349 4312 tibi
372 4252 496 4314 dilectos
518 4270 617 4314 mutes
638 4269 800 4331 properare
822 4249 945 4324 uidebis,

230 4361 398 4423 Fraudibus
421 4369 511 4440 atque
532 4362 593 4423 tuis
614 4379 661 4422 me
683 4369 746 4423 tum
768 4361 961 4440 praecingere
984 4360 1121 4435 frontem,

233 4471 325 4544 Queis
348 4479 378 4533 et
398 4470 521 4533 materia
543 4477 573 4531 et
593 4477 625 4532 tu
646 4491 695 4534 me
717 4471 840 4550 dignum
862 4488 929 4532 esse
950 4467 1080 4548 putabis.
