3282 5404
303 535 365 598 396
740 533 873 584 {nullust
891 533 991 584 xxxttt.

1444 629 1485 637 -ο

366 755 429 827 llic,
452 753 503 833 qni
526 771 561 814 ex
581 751 656 814 valle
677 751 746 825 ima,
770 767 951 814 summarum
973 769 1048 830 quae
1070 749 1174 814 ultima
1196 771 1312 816 summa
1335 763 1390 826 est,

315 867 349 920 20
365 863 488 942 Singula
508 863 659 940 vestigans
682 869 783 924 exutas
805 877 932 941 corpore
954 860 1028 922 vitas
1147 926 1149 936 ,

366 973 546 1052 Hucusque
568 971 705 1052 inspexit,
727 970 786 1033 sibi
808 979 838 1032 te
859 970 1040 1050 indulgente,
1061 970 1173 1050 vigonis

365 1081 507 1162 implorat
527 1089 649 1155 tantum,
670 1089 703 1144 ut
723 1080 806 1143 visus
828 1079 961 1143 attollere
983 1079 1079 1159 possit

365 1189 459 1253 Altius
481 1189 518 1253 ad
540 1191 653 1271 primae
676 1197 888 1270 auctoremque
909 1197 1058 1270 caputque
1080 1189 1195 1252 salutis.

365 1299 410 1362 En
432 1318 497 1379 ego,
519 1317 581 1362 non
601 1300 710 1362 ardens
732 1307 844 1362 tantum
866 1299 964 1362 studio
987 1298 1054 1378 ipse
1073 1298 1202 1374 ridendi,

314 1415 348 1470 25
367 1410 516 1484 Quantum
537 1409 627 1490 hujus
648 1417 772 1490 propter
792 1427 901 1482 curam,
924 1416 953 1470 te
976 1427 1034 1488 qun
1054 1425 1144 1487 prece
1165 1427 1288 1488 possum
1309 1469 1312 1478 ,

366 1519 427 1580 Oro
450 1518 531 1580 omni
553 1519 687 1599 supplex,
711 1537 749 1581 no
771 1519 811 1581 sit
831 1535 906 1597 prex
927 1517 984 1580 ista
1005 1517 1149 1593 minoris;

365 1629 411 1700 Ut,
434 1646 509 1708 quae
530 1646 610 1690 nuno
631 1629 771 1692 hebetent
792 1617 926 1690 mortalis
948 1628 1059 1690 lumina
1079 1627 1172 1701 visus,

366 1738 478 1800 Omnes
500 1737 647 1800 dissolvas
668 1737 738 1800 huic
759 1737 854 1799 nubas
876 1735 942 1818 ipsa
963 1735 1123 1816 precando,

365 1847 409 1910 Ne
431 1867 464 1910 se
486 1847 544 1928 ipsi
567 1847 643 1910 celet
663 1847 811 1928 Superum
832 1865 867 1908 nc
888 1855 938 1910 tun
960 1861 1075 1908 summa
1096 1847 1242 1926 voluptas

316 1964 350 2017 ³0
365 1957 458 2037 ldque
481 1957 568 2018 etiam
590 1965 619 2019 te
640 1975 704 2031 oro,
728 1957 794 2032 (tibi
816 1957 905 2030 onim,
927 1955 1050 2035 Regina,
1074 1957 1153 2036 quod
1176 1947 1261 2036 optes
1308 2017 1317 2034 ,

364 2067 460 2129 Posse
482 2067 581 2128 datum
603 2069 671 2144 ost),
692 2075 725 2129 ut
746 2073 821 2146 post,
845 2085 920 2146 quae
942 2073 1022 2128 tanta
1043 2073 1078 2128 tc
1099 2065 1223 2146 plurima
1244 2066 1325 2139 vidit,

365 2176 428 2258 lpsi
449 2177 639 2257 incorruptos
660 2195 761 2238 serres
783 2176 815 2238 in
835 2185 958 2255 pectore
980 2193 1097 2249 sensus,

366 2287 406 2349 Et
424 2285 495 2365 vigil
516 2285 662 2348 humanos
682 2287 784 2348 vincas
807 2285 942 2348 custodia
964 2293 1072 2346 motus.

367 2397 461 2460 Cerne
483 2396 654 2456 Bcurnrcnrr
677 2396 962 2474 circumstantesque
984 2393 1097 2468 beatos,

316 2515 349 2570 35
366 2505 541 2588 Coniunctis
562 2505 606 2566 illi
627 2505 764 2567 manibus
785 2524 852 2566 mea
872 2512 939 2566 vota
961 2502 1135 2566 secundant

409 2616 482 2678 Tam
504 2616 610 2677 dilecta
631 2616 693 2678 Deo
713 2623 912 2694 venerataque
933 2613 1046 2676 lumina
1068 2613 1099 2674 in
1121 2613 1188 2678 illos

366 2725 466 2787 Delixa
488 2733 609 2786 orantes
629 2724 718 2786 nobis
740 2731 845 2787 testata
867 2725 997 2796 luerunt,

367 2834 463 2908 Quam
486 2841 568 2912 grato
590 2832 640 2894 illa
662 2832 762 2894 antimo
785 2833 913 2914 accipiat
933 2833 984 2913 pia
1005 2829 1095 2894 verba
1116 2839 1280 2910 rogantum.
1320 2809 1323 2816 ’

366 2943 442 3006 Exin
464 2952 617 3006 aeternum
638 2942 716 3004 haud
738 2942 910 3006 dubitarunt
930 2959 1073 3023 quaerero
1094 2943 1202 3015 lumen,

315 3057 350 3110 to
366 3053 410 3116 td
433 3053 513 3133 quod
535 3052 615 3114 nulla
638 3053 715 3114 toret
735 3059 839 3114 natura
862 3059 959 3114 creata
980 3051 1112 3130 putanda

366 3163 481 3226 Clarius
503 3163 668 3243 inspiciens
690 3161 766 3226 aciei
787 3163 903 3226 mittere
925 3161 1027 3222 robur.

365 3273 476 3354 Atqui
498 3281 668 3336 cunctarum
689 3290 798 3346 rerum,
820 3289 894 3352 quas
916 3270 1032 3335 discere
1054 3270 1183 3343 avebam,

364 3385 431 3445 lam
452 3402 547 3464 prope
568 3401 649 3444 oram
668 3382 769 3455 linem,
792 3382 974 3461 consumpsi,
996 3389 1030 3442 ut
1050 3381 1107 3444 rite
1129 3381 1261 3452 dabatur,

365 3494 509 3556 Ardorem
531 3492 683 3555 desiderii.
726 3493 901 3554 Bsnunnnus
923 3493 960 3554 ad
981 3492 1039 3552 ista

314 3607 349 3661 ts
365 3604 503 3666 dnnuerc
525 3611 614 3682 atque
634 3601 709 3664 milri
730 3601 874 3676 arridere,
894 3610 928 3664 ut
948 3601 1132 3681 suspicerem
1154 3600 1227 3674 altc;

365 3715 424 3778 Sed
444 3715 505 3796 jam
526 3712 593 3775 talis
615 3730 697 3774 eram
717 3729 773 3792 per
793 3729 850 3784 me,
873 3711 990 3791 qualem
1012 3729 1080 3772 esse
1100 3710 1226 3772 volebat.

325 3834 329 3844 ’
363 3825 438 3888 Nam
460 3824 535 3884 rnihi
556 3823 634 3884 tacta
656 3821 737 3884 acies
758 3819 885 3896 sincero,
907 3821 1061 3900 magisque
1082 3818 1235 3900 magisque
1330 3799 1335 3806 ’

366 3935 405 3996 Se
427 3933 511 3996 radio
533 3932 689 3994 insinuans
711 3931 807 3994 lucem
829 3930 997 4012 penetrarit
1017 3930 1048 3992 in
1071 3930 1168 4003 altam,

271 4025 273 4030 ¹
364 4045 389 4106 t
411 4064 444 4107 se
466 4062 542 4123 quae
561 4061 632 4105 vera
653 4049 710 4103 est.
751 4041 795 4102 Ex
816 4039 867 4102 illo
889 4047 1023 4120 tempore
1045 4039 1142 4120 major

315 4151 350 4205 ⁵⁰
364 4154 416 4216 Vis
438 4153 515 4217 oculi
537 4151 626 4226 venit,
649 4169 737 4232 quam
758 4150 874 4231 possim
896 4151 995 4212 dicere
1016 4149 1125 4228 lingua.

364 4264 439 4325 Nam
462 4263 542 4326 cedit
562 4281 670 4338 sermo,
693 4259 774 4324 cedit
792 4259 967 4324 meminisse
987 4259 1122 4331 lacultas,

365 4375 474 4436 Pressa
497 4373 556 4436 ictu
578 4379 670 4434 tanto.
694 4403 734 4416 -··
756 4371 796 4434 Ut
816 4369 867 4450 qui
889 4371 921 4435 iu
943 4370 1056 4432 somnis
1078 4369 1194 4434 somnia
1215 4366 1298 4441 vidit,

365 4485 498 4563 Postque
519 4503 564 4558 ea,
586 4487 662 4563 quae
682 4481 765 4558 uidit,
787 4491 887 4545 manet
907 4480 988 4546 intus
1009 4495 1080 4542 cura
1101 4486 1230 4560 reposta,
