3214 5400
588 583 769 635 suscitent!
785 586 803 635 Ι.

156 809 187 861 et
203 799 288 862 Hune
309 810 341 863 ut
364 801 562 882 subriperem.
605 803 714 882 Effugii
736 813 765 866 et
785 805 831 866 vie
852 823 921 867 vene
942 805 1065 870 debatur

202 910 287 972 Nulla
310 909 382 984 alia,
405 921 544 991 excepte,
568 931 656 992 quem
678 933 744 975 sum
766 915 887 979 molitus
910 915 996 978 inire.

201 1020 277 1080 Huic
300 1038 356 1098 ege
378 1022 538 1083 monstravi
561 1023 683 1084 devotae
706 1025 840 1087 examine
862 1026 967 1104 gentis,

202 1129 286 1191 Nunc
308 1131 366 1192 ient
387 1149 471 1192 mens
493 1125 562 1193 isses
585 1134 748 1195 animarum
770 1134 928 1196 ostendere
951 1143 1063 1210 coetus,

202 1240 226 1300 Α
248 1239 357 1320 quibus
378 1241 507 1303 abluitur
528 1242 708 1308 maculatum
732 1243 863 1305 funditus
885 1245 991 1319 omnis,

156 1357 187 1410 65
204 1346 245 1410 Te
263 1349 314 1430 jus
337 1350 438 1424 dente,
462 1353 537 1414 lues.
580 1353 715 1431 Longum
738 1361 819 1420 eeset
841 1354 955 1427 dicere,
978 1355 1114 1417 utillum

203 1459 381 1521 Traxerim.·
407 1461 445 1522 At
467 1480 503 1522 ex
524 1461 582 1524 ulto
604 1462 697 1525 virtus
719 1463 874 1525 descendit
896 1481 1043 1544 opemque

202 1571 257 1631 Det
278 1569 365 1644 mini,
388 1577 422 1631 ut
442 1571 588 1633 adducam
609 1571 767 1637 inuitumm
790 1571 900 1634 lumine
922 1576 1029 1646 vultus,

202 1680 297 1760 Atque
321 1680 381 1742 onis
404 1699 542 1743 sermone
564 1682 616 1744 tui.
660 1682 704 1744 Ne
725 1683 842 1744 taedent
862 1683 952 1764 hujus

201 1790 362 1852 Adventus.
405 1790 452 1852 ilii
472 1791 594 1854 libentes
617 1792 768 1871 quaeritur
789 1792 871 1854 omni

157 1917 187 1968 uu
203 1900 277 1962 Cure
299 1899 379 1976 vire,
401 1908 435 1964 ut
455 1902 550 1974 nevit,
573 1918 629 1980 pro
652 1900 788 1963 libertate
810 1919 947 1970 cruorem

204 2010 262 2083 Qui
284 2010 365 2072 dedit
387 2019 416 2072 et
436 2011 541 2086 uitam3
563 2019 654 2090 tuque
675 2011 706 2072 id
728 2011 845 2076 nescire
867 2011 999 2088 negabis,

203 2119 262 2181 Pro
285 2139 344 2201 que
365 2120 453 2182 dulce
474 2121 586 2182 Umcen
609 2120 717 2183 duxisti
740 2121 932 2195 occumbere,
956 2121 1005 2184 ubi
1029 2124 1094 2203 ipse

204 2230 332 2310 Liquisti
353 2238 481 2303 vestem,
505 2249 580 2310 quee
602 2231 692 2292 multe
714 2232 781 2292 lucc
800 2231 929 2306 micabit,

204 2340 309 2419 Magne
333 2341 397 2402 dies
420 2359 486 2402 cum
509 2340 612 2404 ederit
655 2341 717 2404 Nec
739 2359 794 2421 per
815 2359 872 2404 nos
893 2342 973 2405 lueet
993 2343 1109 2426 videbis

158 2461 188 2515 75
205 2451 308 2512 Edicta
331 2458 468 2512 eetemee
492 2451 582 2530 legin
604 2469 672 2512 nem
694 2451 824 2513 vescitur
845 2451 901 2514 istc

205 2561 283 2622 nure
305 2560 400 2635 viteli,
423 2575 479 2622 nec
501 2561 597 2622 Minoe
618 2560 729 2623 arbiter
750 2561 821 2622 Orci

205 2669 251 2731 Me
273 2669 360 2748 liget3
383 2677 412 2731 et
433 2689 481 2732 me
503 2671 554 2733 ille
576 2671 658 2732 erbis
679 2671 782 2745 hehet,
805 2680 855 2734 tue
875 2672 992 2734 Menneu
1013 2682 1095 2736 cesto

205 2781 331 2842 Lumine
353 2797 442 2860 quem
463 2779 583 2854 lustret,
607 2779 772 2861 faciemque
793 2780 985 2862 hahitumque
1006 2785 1157 2863 precantis

205 2891 291 2953 Nune
314 2890 584 2971 quinquennem,
608 2898 742 2953 sunctum
763 2898 885 2969 pennus,
908 2911 964 2972 pre
986 2893 1110 2982 foedet-e
1130 2894 1218 2974 primi

156 3007 189 3060 8⁰
207 3001 360 3082 Coniugii,
382 3009 475 3080 utque
496 3008 576 3062 tuam
599 3017 666 3062 sese
688 2999 800 3080 petiere
821 3003 931 3064 eccuni.

247 3111 348 3172 Flecte
369 3110 458 3189 igitur
478 3117 607 3172 mentem
627 3129 698 3190 per,
722 3111 772 3190 qui
794 3110 871 3173 hunc
892 3110 946 3172 tibi
964 3111 1076 3192 jungit,
1099 3131 1240 3175 emerem.

205 3220 267 3282 Nes
290 3219 517 3300 septemgemini
537 3219 629 3282 velles
652 3220 718 3282 sinc
740 3220 838 3282 visere
860 3221 954 3300 regni.

204 3330 280 3393 Huic
303 3331 339 3392 de
361 3337 390 3391 te
411 3337 510 3408 gretes
530 3329 675 3404 reiemm,
698 3330 723 3391 si
745 3329 823 3392 ieme
844 3331 956 3392 teretur

204 3439 257 3502 Vis
278 3447 328 3502 tue
349 3457 405 3520 per
425 3439 514 3502 sedes
535 3439 610 3502 ilius.
633 3468 676 3488 m
695 3439 767 3501 Mihi
788 3441 919 3513 Mennis,
943 3439 1022 3513 dixit

156 3561 188 3615 et
206 3551 333 3614 Tantum
355 3568 423 3612 cene
445 3550 514 3624 tuit,
537 3557 637 3614 vestm
659 3565 727 3612 cum
749 3549 814 3612 soie
836 3548 965 3624 nechar,

205 3659 244 3721 Ut
265 3659 320 3720 sim
343 3660 480 3738 largitus,
504 3659 573 3722 dnm
595 3660 668 3734 uixi,
691 3659 836 3740 quidquid
856 3658 983 3724 habebat

205 3770 240 3831 ln
262 3769 349 3832 votis.
392 3769 430 3830 At
450 3787 530 3831 nune
552 3787 619 3830 cum
641 3777 723 3832 tuens
745 3769 820 3834 mele
843 3771 973 3832 fluminis
995 3771 1051 3832 etri

207 3880 272 3942 Stet
292 3880 383 3954 vedu,
408 3887 524 3959 tempus
546 3880 623 3954 ahie,
648 3899 707 3962 qne
729 3882 828 3962 pessit
849 3888 952 3943 nosne
973 3897 1092 3942 meusne

207 3989 353 4064 Consilia,
378 3989 415 4052 ob
438 3990 551 4069 legem,
574 4009 652 4071 quae
673 4009 827 4070 egressum
844 3991 976 4072 jusserat
997 3991 1063 4052 istis

155 4113 188 4165 90
204 4099 380 4180 imperitare
401 4100 487 4162 iocis.
533 4099 593 4162 Sed
615 4102 641 4162 si
663 4110 694 4164 te
717 4101 827 4166 femine
849 4109 936 4164 coetu

205 4209 247 4270 lie
270 4227 381 4290 supero
404 4218 519 4284 movet,
543 4218 632 4290 etque
653 4213 743 4290 regit,
767 4219 856 4292 prout
876 4212 941 4292 ipse
964 4211 1075 4284 tetes-ie,

204 4319 290 4380 Hauud
308 4315 390 4400 'epus
412 4328 459 4381 eet
479 4319 634 4400 precibus,
657 4322 712 4384 tibi
734 4339 803 4388 nem
825 4321 899 4384 setis
922 4339 992 4384 esee
1012 4321 1177 4402 putendum
1198 4330 1252 4394 cst,

205 4429 289 4491 Hanc
311 4431 392 4509 quud
413 4447 462 4492 mc
483 4431 585 4510 poscis
608 4431 737 4506 venium,
761 4451 926 4512 exonesque
948 4435 1004 4512 pen
1024 4431 1120 4494 istem.

205 4537 282 4618 lingo
305 4540 330 4614 i,
355 4548 385 4602 et
407 4541 455 4602 iae
476 4541 578 4621 cinges
599 4542 669 4603 huic
690 4543 803 4605 udinem
826 4542 963 4623 simplice
980 4542 1084 4624 junco,
