3236 5394
719 507 902 518 ...μ-...ω-

345 563 400 626 ttu
517 607 521 612 .
767 567 961 618 rursauonuu
979 567 1044 617 xxx.

407 786 573 865 Intentique
596 803 713 864 gravem
734 786 915 866 perpendite
930 792 1028 846 mente
1050 784 1183 861 magistri

406 897 502 956 Anam
525 896 645 958 luctum.
688 895 760 956 Mihi
780 896 846 956 viru
868 894 946 956 haud
969 891 1063 954 defuit
1083 892 1142 954 ulla

408 1005 499 1084 Copia
520 1007 671 1084 poscenti3
694 1001 768 1066 heui
792 1021 871 1065 nunc
893 1002 1028 1081 lymphae
1051 1009 1130 1079 gutta
1152 1003 1198 1064 vei
1220 1021 1287 1074 uns,

406 1115 468 1176 Una
491 1123 536 1176 est
558 1115 588 1174 in
610 1115 696 1175 vetis.
741 1114 821 1184 nivi,
845 1113 895 1192 qui
917 1111 1068 1173 montibus
1092 1111 1154 1188 agri

358 1229 390 1280 tc
408 1224 519 1286 Clusini
542 1231 662 1302 argento
686 1223 800 1286 similes
822 1222 961 1286 labuntur
981 1220 1012 1281 in
1034 1221 1154 1292 Arnum,

408 1333 531 1412 Quaque
554 1333 611 1395 iter
631 1333 803 1404 intendunt,
828 1339 959 1394 saturant
980 1330 1045 1392 luca
1068 1335 1172 1390 cuneta
1194 1328 1308 1408 liquore

406 1442 576 1520 Frigidum,
601 1451 666 1504 ante
689 1441 808 1513 oculos,
832 1459 888 1502 nec
911 1441 1036 1511 trustra,
1060 1457 1160 1499 errare
1182 1439 1333 1512 ridentum

406 1551 480 1613 Nam
501 1571 548 1612 me
570 1552 656 1613 dulce
679 1552 775 1612 fluens
796 1551 903 1611 herum
924 1549 992 1628 plus
1015 1549 1107 1610 siccat
1128 1548 1233 1626 imago,

408 1662 517 1735 Quam,
541 1663 591 1741 qui
614 1662 657 1722 sic
679 1661 773 1722 macie
795 1660 907 1722 vuitrrm
929 1658 1115 1738 depascitur,
1139 1675 1253 1734 aegrur.

357 1778 390 1830 ta
408 1772 491 1845 Quae
513 1790 561 1832 me
580 1771 712 1852 justitiae
735 1769 779 1830 sic
802 1769 935 1830 contudit
957 1768 1001 1828 ira
1023 1785 1154 1838 severae,

408 1882 479 1946 lnde
502 1881 575 1952 luci,
598 1880 738 1942 infamem
761 1879 839 1957 turpi
862 1895 950 1956 quem
972 1877 1094 1939 crimine
1116 1876 1183 1948 ieci,

408 1989 533 2052 Deduxit
555 2007 706 2061 caussam,
731 2007 788 2068 qua
809 1987 877 2066 plus
900 1987 973 2048 mihi
996 1986 1086 2046 corde
1109 1987 1281 2064 frequentes

407 2099 558 2179 Exprimat
580 2118 615 2160 ex
636 2105 751 2160 moesto
774 2096 909 2176 gemitus.
952 2096 1087 2158 Ronanus
1111 2102 1187 2154 terra
1210 2103 1255 2156 est

407 2209 502 2282 Haec,
525 2209 576 2271 ubi
600 2217 739 2288 corrupto
761 2205 898 2268 nummos
922 2205 989 2268 cudi
1012 2223 1080 2266 aere
1102 2211 1218 2266 notatos

359 2327 391 2378 70
408 2319 556 2398 Baptistae
579 2318 693 2395 effigie3
717 2335 807 2396 quare
829 2315 962 2376 membra
983 2322 1049 2378 usta
1070 2313 1186 2392 reliqui.

450 2430 487 2490 nt
508 2428 580 2488 mihi
603 2427 629 2488 si
651 2443 751 2488 curem
772 2444 861 2505 prava
882 2424 986 2487 umbra
1007 2424 1132 2485 videnda
1154 2423 1282 2496 daretur,

412 2538 464 2598 Vel
487 2537 589 2610 Gurnr,
612 2536 660 2598 rel
682 2537 870 2608 Asarinum,
894 2534 938 2596 rel
960 2534 1059 2596 fratris
1080 2533 1207 2612 utrique,

301 2719 305 2725 ,
409 2648 562 2726 Inspicere
585 2647 661 2708 hanc
682 2645 799 2709 mallem
822 2645 928 2719 satius,
953 2661 1040 2724 quam
1064 2643 1144 2704 iente
1165 2643 1253 2722 potiri

409 2758 534 2818 Branda.
577 2757 702 2834 Jamque
724 2773 782 2816 una
805 2755 883 2816 intus
906 2754 1003 2826 adest,
1027 2753 1053 2814 si
1073 2771 1141 2813 vera
1162 2751 1325 2831 loquuntur

359 2882 391 2934 75
409 2866 537 2928 Umbrae
559 2873 640 2926 actae
662 2864 759 2925 rabie:
783 2871 812 2924 at
835 2864 905 2942 quid
927 2863 983 2935 mi,
1007 2863 1033 2924 si
1056 2863 1169 2923 vincior
1191 2858 1293 2922 artus?

293 3061 294 3064 Ἴ
409 2977 442 3038 si
465 2976 569 3038 saltem
590 2975 662 3036 mihi
685 2991 794 3052 corpus
817 2973 913 3035 adhuc
933 2973 1058 3034 levitatis
1079 2971 1202 3034 haberet

409 3086 548 3156 Tantum,
571 3092 618 3156 ut,
642 3083 712 3144 dum
733 3090 850 3144 vertunt
870 3082 997 3143 labentia
1018 3090 1151 3161 tempora
1174 3081 1312 3152 saeclum,

408 3195 505 3256 Unum
526 3194 572 3254 rel
595 3193 717 3270 digitum
738 3192 865 3271 pedibus
887 3193 1049 3271 procedere
1071 3210 1201 3270 possem,

409 3305 473 3366 Huc
496 3321 592 3364 essem
610 3303 672 3383 jam
694 3303 847 3380 ingressus
870 3303 939 3373 iter,
965 3301 1085 3378 vestigia
1107 3319 1255 3379 quaerens

359 3427 392 3480 8⁰
409 3414 491 3476 Illius
513 3413 567 3474 has
590 3413 667 3474 inter
688 3411 766 3490 vulgi
789 3413 910 3484 sordes3
932 3411 1003 3472 licet
1023 3399 1083 3472 ista
1101 3411 1204 3472 latrina

409 3524 443 3584 ln
464 3523 586 3600 lengum
607 3501 743 3584 undenus
765 3541 872 3600 passus
894 3539 949 3599 per
969 3520 1059 3582 miliia
1081 3521 1195 3592 ductos,

409 3633 447 3693 Et
467 3631 535 3710 plus
558 3649 646 3710 quarn
667 3651 775 3710 passus
797 3632 974 3710 quingentos
996 3631 1054 3692 lata
1076 3637 1215 3709 patescat.

410 3741 572 3802 Colluviem
594 3741 671 3802 hanc
693 3741 770 3802 inter
791 3741 864 3802 mihi
885 3749 1002 3819 tempus
1024 3740 1054 3800 in
1078 3759 1165 3800 omne
1183 3739 1341 3818 iacendum
1364 3747 1409 3800 est

294 3847 298 3864 '
410 3852 472 3911 Hos
494 3858 626 3929 prepter.
669 3851 800 3930 Namque
822 3851 853 3911 hi
877 3858 1035 3912 suaserunt
1057 3848 1166 3910 cudere
1189 3867 1334 3919 nummos,

362 3980 394 4034 35
413 3961 505 4033 Queis
527 3967 639 4022 tantum
661 3959 782 4022 suberat
802 3960 882 4021 misti
904 3960 1102 4039 purgaminis,
1126 3967 1158 4020 ut
1179 3965 1239 4020 tres

412 4069 548 4131 Pondere
571 4071 748 4148 adaequaret
767 4071 900 4148 siliquas.
926 4107 961 4114 -
986 4071 1061 4131 Tum
1082 4070 1189 4130 talibus
1212 4088 1299 4130 ursus

414 4181 552 4253 Quaesivi
573 4199 706 4242 rursum:
731 4179 813 4252 Quae
836 4188 905 4242 sunt
925 4180 1092 4242 miseranda
1115 4180 1241 4241 duorum

413 4291 536 4369 Spectra
557 4290 653 4362 haec,¹
670 4307 744 4368 qnae
766 4289 879 4350 sumant
899 4289 988 4351 veluti
1012 4289 1067 4350 sub
1090 4290 1199 4368 irigure
1221 4289 1342 4352 brumae

412 4400 505 4460 Fonte
525 4407 653 4461 extracta
675 4417 794 4470 manuS,
817 4398 870 4460 tibi
893 4399 1025 4461 dextrum
1048 4401 1099 4479 qui
1120 4399 1195 4460 latus
1217 4407 1323 4477 urgent

362 4520 396 4572 90
412 4509 571 4580 Prostrati,
591 4509 746 4588 junctique
770 4506 881 4572 simul?
905 4543 941 4554 —
966 4510 1032 4582 Qun
1047 4517 1190 4590 *tempure
1212 4510 1242 4570 in
1265 4509 1343 4570 ismd
