3214 5400
479 469 697 480 ψ

572 526 750 577 PllllGl'lOllll
767 527 815 575 vll.

199 743 283 804 India
305 745 363 806 lert
384 744 496 824 lignum
517 743 683 825 pretiosum
704 744 771 806 luce
793 762 910 817 serena,

153 856 223 917 lod
243 856 390 935 plagaque
412 871 535 927 recens,
559 853 642 916 fabro
665 853 823 928 tundente,
847 854 1029 933 smaragdus,

200 964 312 1026 Cuncta
333 965 408 1026 haec
428 965 505 1025 victa
528 967 628 1026 locent
647 963 759 1026 herbae
787 964 954 1043 florumque
977 963 1087 1038 colore,

200 1074 283 1147 Quos
305 1073 396 1136 habet
415 1073 465 1134 ille
487 1073 572 1135 sinus
593 1075 727 1153 positos,
749 1081 783 1135 ut
803 1073 865 1134 visa
888 1075 1033 1136 minorem

199 1180 259 1244 Res
279 1183 376 1263 major
396 1184 497 1246 vincit.
540 1183 645 1263 Neque
667 1182 709 1244 ibi
730 1191 834 1246 natura
857 1191 971 1246 crearat

198 1293 281 1354 Picta
302 1293 409 1366 mod03
431 1301 478 1354 ast
500 1293 587 1356 etiam
610 1301 729 1354 centum
750 1293 876 1354 sanarat
897 1293 1023 1356 ooomm

152 1409 182 1459 75
198 1403 307 1464 Nescio
331 1402 401 1482 quid
423 1403 563 1476 mistum,
588 1403 667 1482 quod
690 1419 752 1472 uon
774 1401 958 1481 distinguere
978 1405 1090 1484 possis.

201 1512 372 1592 cespitibus
395 1512 468 1574 vivis
490 1531 526 1573 ac
548 1512 673 1574 floribus
695 1511 861 1574 insidentes

198 1621 274 1684 Hinc
295 1623 408 1684 animas
429 1623 505 1696 vidi,
528 1641 603 1702 quas
624 1622 708 1684 vallis
730 1622 828 1702 panda
848 1622 992 1685 videndas

197 1731 264 1794 Non
287 1732 479 1794 concedehat.
522 1731 622 1809 Solve,
644 1726 775 1811 llepiuol
797 1731 942 1794 sonabant

199 1843 292 1904 Cantu
313 1843 418 1904 hatum
438 1841 573 1921 pulsatae
595 1859 693 1904 aurae.
737 1841 802 1902 Lux
822 1859 911 1920 parva
932 1842 1105 1922 priusquam

151 1956 182 2008 80
197 1952 261 2013 Jam
285 1951 375 2014 cubet
396 1952 513 2013 occidui
535 1952 625 2026 Solis,
648 1951 704 2026 (sic
725 1969 778 2012 ore
799 1951 911 2030 prolati

199 2061 306 2140 Coepit
328 2061 519 2135 Suspectus,
543 2062 594 2140 qui
616 2079 673 2123 nos
695 2062 755 2122 huc
775 2069 889 2122 vertere
912 2079 1049 2139 gressum
1145 2121 1149 2130 ,

200 2169 362 2248 Suaserat)
384 2172 505 2244 hortari,
528 2179 561 2232 ut
581 2189 634 2231 vos
657 2169 800 2233 deducam
824 2187 930 2248 agmen
953 2173 990 2233 ad
1012 2171 1100 2244 istud,

199 2279 343 2342 Desinite.
385 2281 447 2341 llas
468 2280 576 2342 melior
597 2281 686 2342 luerit
708 2280 745 2341 de
766 2297 841 2359 rupe
863 2280 987 2342 facultas

200 2389 412 2469 Cuiuscunque
433 2389 540 2468 procul
561 2390 674 2452 vultum
702 2398 876 2468 gestumque
898 2389 1009 2462 tuendi,

151 2507 182 2562 85
200 2499 296 2571 Quam
319 2499 345 2561 si
367 2501 541 2562 commistos
563 2499 623 2561 illis
644 2511 697 2560 vos
720 2517 842 2579 campus
863 2500 997 2562 haberet.

239 2606 398 2682 ultionis,
422 2611 474 2688 qui
495 2611 566 2672 sede
589 2608 693 2682 sedet,
716 2617 848 2690 nutuque
870 2609 1005 2680 videtui·¹

199 2718 374 2794 significare
396 2737 461 2794 suo,
485 2737 519 2782 se
540 2718 716 2797 neglexisse,
741 2719 819 2798 quod
843 2737 970 2799 aequuum

197 2829 314 2907 Parque
336 2828 396 2908 ipsi
418 2829 528 2890 iecisse
551 2828 620 2902 luit,
643 2807 819 2907 midiusque
843 2838 967 2892 canente

197 2937 296 2999 Turba
319 2938 375 3000 alia
398 2938 476 2999 haud
498 2939 619 3001 hiscens
640 2941 742 3012 metit,
765 2939 821 3002 luit
842 2938 1039 3019 luduperator

146 3055 180 3107 ds
196 3047 391 3121 Rononenos,
413 3045 490 3110 bene
513 3049 561 3110 cui
582 3049 677 3128 patuit
699 3067 805 3110 sanare
826 3057 959 3128 potestas

196 3158 338 3232 Vulnera,
363 3177 438 3236 quae
459 3157 572 3219 ltaliam
595 3158 744 3222 communi
767 3158 858 3220 caede
880 3167 1040 3232 senatuum

197 3267 297 3340 Quare
319 3286 377 3346 ope
400 3266 436 3329 ab
459 3267 580 3329 alterius
602 3287 671 3332 sero
694 3268 838 3334 solamina
861 3267 950 3329 ducit.

237 3376 322 3449 Ater,
345 3378 396 3458 qui
418 3377 561 3438 alilictum
583 3387 657 3440 nutu
679 3395 814 3440 recreare
836 3376 961 3450 videtur,

194 3486 336 3548 Possedit
357 3495 482 3560 terram,
505 3487 585 3550 unde
608 3488 711 3561 oritur,
734 3505 810 3567 quae
831 3486 978 3548 vectatio
1000 3486 1088 3548 llnin

145 3604 177 3657 95
194 3596 278 3659 Unda
300 3597 397 3658 lluens
418 3597 556 3672 Mollem,
579 3605 668 3677 atque
689 3598 776 3659 Albin
798 3604 980 3676 transportat
999 3597 1030 3658 in
1052 3616 1173 3676 aequor.

194 3706 270 3768 Huic
293 3707 350 3768 luit
372 3708 548 3770 Ocnociuus
569 3724 697 3780 nomen,
721 3725 809 3787 quem
830 3706 916 3768 luctis
938 3715 1073 3786 egentem

194 3815 227 3876 ln
251 3816 338 3878 cunis
360 3824 485 3882 suatum
505 3818 659 3881 meliorem
682 3824 728 3878 est
748 3817 825 3880 lama
848 3817 950 3890 luisse,

196 3925 292 3997 Quam
314 3926 508 3988 Vnucssnnuu
530 3926 692 4008 pubentem
714 3927 771 3988 hoc
792 3934 875 4005 patre
898 3934 1037 3999 creatum,

196 4035 290 4107 Quem
313 4036 389 4099 mala
411 4037 543 4098 luxuries
566 4045 594 4098 et
615 4035 714 4098 mollis
737 4035 842 4097 inertia
863 4044 999 4115 pascunt.

128 4161 176 4213 lto
193 4145 289 4225 Atque
311 4146 338 4208 is
359 4147 533 4220 Nossemus,
557 4146 608 4226 qui
630 4146 799 4208 consultare
819 4145 936 4208 videtur

192 4254 280 4316 Illum
302 4264 433 4331 secreto,
457 4257 508 4336 qui
531 4255 623 4334 lulget
644 4256 742 4318 leonte
764 4275 878 4329 serena,

192 4365 316 4428 Nudans
337 4374 419 4446 terga
441 4367 529 4445 lug'ae
550 4385 585 4428 ac
605 4366 757 4428 deflorans
778 4365 839 4429 lilia
860 4366 961 4430 obivit

193 4476 328 4551 Gemite,
351 4485 384 4538 ut
406 4477 462 4538 iste
485 4476 547 4538 illic
568 4483 675 4556 pectus
698 4475 756 4539 sihi
778 4477 894 4551 tundat,
918 4485 948 4540 et
969 4477 1042 4539 alter

1145 4578 1174 4629 ll
1183 4575 1198 4608 *
