3234 5396
324 503 386 566 030
755 501 937 558 runnlrnnu
954 505 1030 558 rur.
1254 455 1275 461 “

391 723 472 786 llaec
494 719 580 804 quusi
602 731 758 786 contentus
779 724 916 804 laetoque
937 723 987 785 hie
1009 723 1068 786 line
1089 719 1210 802 quievit.

433 833 470 894 Ut
492 851 585 912 genus
607 833 728 896 alituum
749 841 873 914 prepter
893 833 953 896 Nili
975 851 1027 894 ora
1049 833 1184 894 sonantis

341 955 375 1007 00
392 941 569 1016 llibcmans‚
593 939 831 1006 sese'interdum
854 942 943 1004 simul
963 943 1083 1022 agmine
1105 943 1203 1022 stipat

391 1050 503 1114 Deinde
526 1051 620 1130 magis
641 1071 770 1132 propere
792 1051 887 1114 nubes
908 1051 998 1128 longo
1020 1052 1124 1114 ordine
1147 1061 1259 1116 tranat:

392 1160 452 1226 Sic.
476 1180 550 1240 quae
573 1179 647 1240 qens
669 1162 781 1236 aderat,
803 1179 890 1224 verso
913 1161 1124 1241 properantius
1146 1161 1208 1224 ibat

391 1270 424 1332 ln
447 1290 495 1332 me
517 1289 577 1345 ore,
601 1269 640 1332 nb
662 1272 788 1334 maciem
810 1271 997 1350 studiumque
1018 1270 1169 1333 levissima
1193 1287 1293 1334 eursu.

392 1380 488 1460 thue
509 1381 554 1440 vir
575 1401 592 1442 a
613 1380 706 1444 multo
729 1398 874 1444 succussu
896 1379 1005 1454 lassus,
1028 1379 1111 1442 abire

342 1501 374 1554 65
392 1491 462 1552 Fert
484 1491 599 1572 patiens
622 1491 755 1564 comites,
774 1491 837 1572 jam
858 1490 948 1553 lentie
971 1489 1111 1569 passibus
1133 1508 1215 1562 usus,

392 1601 495 1664 Donec
518 1619 550 1662 se
573 1600 705 1662 cllunrlat
725 1609 831 1680 pectus
854 1599 1013 1680 quatientis
1037 1599 1176 1664 anhelum

393 1710 444 1770 Vis
467 1709 562 1771 lollis:
586 1708 631 1770 sic
654 1718 700 1771 est
721 1729 830 1790 passus
851 1710 980 1772 transire
1002 1709 1139 1770 Feruens

394 1820 534 1882 Sanctum
556 1836 678 1897 agerem
697 1838 799 1881 vemm
822 1819 871 1880 ille
893 1825 974 1880 retro
996 1827 1066 1898 qest
1086 1825 1170 1896 terga
1193 1829 1329 1881 secutus:

395 1929 521 2003 Quando
544 1929 609 2000 erit,
632 1937 664 1990 ut
684 1948 790 1992 mrsus
810 1947 928 1991 mecum
950 1937 1000 1990 tua
1022 1945 1110 1990 sensa
1131 1928 1303 2007 loquentem

343 2047 376 2098 70
395 2039 437 2101 'le
459 2038 583 2112 videam,
605 2035 725 2119 ajebat?
745 2073 789 2084 -
811 2038 935 2100 Scitanti
957 2055 1013 2116 ege
1035 2037 1104 2099 talia
1126 2046 1245 2100 contra:

395 2148 474 2222 Quid
496 2147 570 2210 mihi
592 2149 689 2210 adhuc
711 2148 938 2229 superstruas,
960 2147 1040 2209 haud
1062 2155 1109 2208 est
1130 2147 1208 2210 scire
1230 2157 1379 2228 potestas3

396 2259 455 2320 Sed
477 2258 551 2319 mihi
572 2265 632 2320 tam
653 2260 712 2320 cito
734 2278 795 2320 non
818 2258 909 2320 luerit
928 2257 994 2320 loca
1016 2257 1046 2318 in
1068 2256 1124 2318 ista
1147 2259 1262 2332 reverti,

396 2368 475 2442 Quin
497 2368 581 2449 prius
604 2368 640 2430 ad
663 2369 743 2448 ripas
765 2361 818 2430 me'
835 2367 962 2430 adducat
979 2366 1061 2447 justa
1083 2367 1201 2445 cupido.
1296 2445 1298 2450 Ι

395 2477 471 2540 Nam
492 2479 587 2556 magis
609 2478 699 2557 inque
720 2477 797 2551 dics,
820 2493 908 2556 quam
932 2495 998 2538 sum
1021 2476 1144 2538 sortitus
1166 2477 1332 2541 habendam

346 2605 380 2658 75
397 2587 455 2649 Pro
477 2588 584 2667 patria,
607 2588 693 2649 tellus
717 2607 750 2650 se
772 2587 873 2666 quavis
895 2585 965 2647 dote
985 2585 1134 2648 honorum

396 2697 502 2771 Nudat‚
526 2706 555 2759 et
576 2697 723 2759 excidium
745 2698 803 2759 sibi
824 2697 907 2760 triste
929 2713 1036 2776 parare
1056 2696 1182 2758 videtur.

439 2806 525 2868 Nunc
547 2806 566 2879 i,
589 2807 760 2885 respondit3
782 2825 910 2886 namque
931 2823 1036 2866 ausum
1056 2805 1142 2884 plura
1164 2807 1302 2882 nefanda,

397 2917 435 2978 Et
454 2916 550 2993 magis
572 2914 712 2978 infamem
733 2917 807 2978 mihi
829 2916 922 2978 canda
943 2922 989 2976 est
1010 2917 1263 2996 cernere.cquiua

398 3027 553 3106 Raptatum
575 3026 612 3088 ad
634 3027 734 3099 valles,
755 3026 807 3087 ubi
829 3043 890 3087 nnn
913 3033 959 3086 est
981 3024 1066 3104 copia
1090 3025 1194 3105 culpae

348 3144 383 3198 80
399 3137 534 3215 Unquam
556 3135 716 3210 delendae3
738 3155 807 3198 nam
829 3154 888 3214 qun
910 3135 978 3215 plus
998 3134 1098 3198 bellua
1121 3155 1228 3215 passus

399 3245 571 3324 lngeminat
594 3255 674 3308 tanto
695 3245 827 3308 velocius
849 3245 939 3308 incita
962 3245 1064 3318 lemur,

399 3356 501 3418 Donec
523 3375 590 3416 eum
613 3356 709 3417 caedit
730 3373 900 3434 corpusque
922 3372 1071 3432 exsangue
1092 3355 1233 3436 relinquit

400 3466 573 3546 llisruptum
596 3466 692 3527 leede.
735 3464 802 3526 Non
824 3465 925 3526 multis
948 3463 1071 3526 orbibus
1093 3464 1143 3526 illa

400 3575 561 3636 volventur
581 3576 763 3654 (vultumque
785 3575 947 3654 oculusque
968 3575 1007 3635 ad
1030 3575 1128 3636 sidera
1149 3577 1256 3654 vertit),

350 3689 383 3744 85
402 3685 476 3747 Cum
497 3684 653 3746 manifesta
673 3685 727 3745 tibi
748 3684 875 3757 venient,
899 3703 975 3762 quae
996 3684 1124 3764 plurima
1145 3686 1201 3748 lari

401 3795 486 3855 Nunc
507 3801 600 3856 vetur.
633 3794 671 3854 Αι
691 3813 830 3869 maneas;
853 3813 923 3856 nam
944 3811 1050 3872 magno
1072 3795 1123 3856 hie
1143 3804 1277 3874 tempora
1299 3805 1443 3871 comunt,

403 3904 505 3978 Quaen
521 3905 615 3966 ⁴nimis
637 3904 766 3976 insumo,
788 3905 860 3966 duum
882 3905 926 3965 sic
948 3903 1035 3966 simul
1057 3905 1101 3967 ire
1123 3906 1232 3985 cupide
1255 3915 1309 3968 est

446 4013 549 4086 Qualis
571 4033 664 4093 eques
686 4015 787 4076 socius
806 4015 973 4096 equitantes
995 4024 1136 4094 praepete
1159 4034 1249 4077 cursu

403 4124 573 4196 Praevertit,
596 4125 785 4203 primumque
806 4126 890 4203 petit,
913 4125 1032 4187 stimulo
1055 4133 1138 4186 actus
1160 4125 1292 4198 honoris,
1392 4113 1395 4120 ¹

353 4240 387 4292 00
404 4232 576 4294 Certamen:
599 4233 667 4295 talis
687 4234 780 4295 merito
802 4235 965 4314 majeribus
987 4234 1039 4296 ille
1150 4242 1153 4248 ’

404 4339 535 4402 Saltibus
556 4344 692 4404 excessit.
736 4343 788 4405 Sic
808 4343 887 4406 inter
908 4353 1064 4426 utrumque
1086 4355 1212 4425 poetam,

405 4450 487 4522 Quos
510 4459 570 4512 tnta
592 4453 716 4514 eximios
737 4455 870 4532 suspexit
891 4463 969 4516 terra
990 4455 1158 4535 magistros,
