3362 5414
642 586 839 638 taruanorum
858 588 892 638 tv.

286 805 354 878 llle,
377 801 500 866 viden’?
522 804 573 867 illo
596 825 668 868 ense
689 807 833 885 insignis,
857 807 908 886 qui
930 807 1024 868 tribus
1047 808 1150 880 001011,

235 914 432 979 8510001010
455 922 488 976 ut
508 934 576 987 rex,
599 915 760 996 Epicurum
781 917 927 980 maximus
947 915 998 978 ille
1021 927 1067 980 est
1151 995 1153 1002 Α

287 1025 478 1098 111001000ος
502 1027 634 1087 1110000
658 1034 821 1105 satyrarum
844 1027 983 1090 conditor
1003 1027 1086 1098 alter,

287 1134 406 1196 Tertius
429 1134 453 1196 it
473 1135 571 1207 Naso,
593 1136 728 1198 Lucmus
750 1155 830 1216 pone
851 1137 1043 1216 propinquat.

285 1244 413 1307 Nomine
436 1244 563 1324 quisque
584 1264 645 1307 uno
667 1264 736 1307 nam
757 1245 1037 1322 mecumconvenit
1058 1261 1126 1318 una,

287 1354 373 1427 Quod
394 1373 450 1416 vox
472 1354 662 1434 concrepuit3
685 1363 800 1416 certant
821 1355 895 1416 mihi
917 1354 1032 1416 solvere
1053 1339 1198 1418 honorem
1220 1341 1236 1390 ἶ

168 1523 174 1528 .
234 1478 269 1528 ao
287 1463 399 1525 invidia
420 1465 521 1537 vacui,
545 1476 575 1526 et
595 1464 714 1526 laudem
735 1483 791 1544 pro
814 1464 900 1526 laude
922 1474 1085 1544 reportant.
1169 1503 1172 1508 -

328 1573 379 1634 Sic
400 1591 456 1652 ego
477 1572 663 1653 praeclarum
684 1573 746 1635 vidi
769 1559 948 1636 conottrrere
969 1583 1096 1648 coetum,

284 1683 380 1755 Quem
403 1683 506 1744 docuit
527 1684 668 1762 princeps
690 1683 782 1746 divini
805 1685 947 1746 carminis
970 1684 1029 1758 ille,

285 1793 379 1872 Supra
403 1811 550 1873 quemque
572 1793 689 1865 volans,
712 1795 801 1856 veluti
822 1793 906 1856 Jovis
927 1795 1056 1873 armiger
1076 1794 1149 1869 ales.
1202 1841 1205 1850 .

284 1905 380 1982 Atque
403 1902 453 1964 uhi
475 1904 567 1965 multa
589 1903 677 1964 simul
700 1903 780 1965 tenui
804 1905 906 1968 dixere
928 1923 1062 1976 susurro,

155 1901 159 2087 1
234 2022 267 2075 05
284 2012 330 2075 Μο
353 2013 527 2074 circumfusi
550 2023 624 2074 nutu
646 2013 760 2076 salvere
778 2012 933 2094 jubebant.

155 2098 159 2197 1
285 2123 391 2184 Gratus
414 2122 451 2184 ad
473 2123 548 2184 haec
569 2123 630 2184 illis
652 2123 777 2184 subrisit
798 2125 882 2203 signa
904 2125 1056 2202 magister.

155 2223 158 2340 0
284 2232 354 2294 Plus
378 2251 496 2312 quoque
517 2251 565 2296 me
587 2245 745 2304 ornarunt,
769 2232 882 2311 dignati
904 2234 1057 2296 includere
1078 2234 1185 2296 eodem

283 2343 329 2404 lle
352 2361 491 2414 numero,
516 2351 547 2404 ut
569 2353 669 2404 sextus
691 2342 783 2404 tantis
806 2361 873 2405 cum
894 2343 1011 2405 vatibus
1034 2342 1120 2403 irem.

282 2455 378 2532 Atque
401 2452 442 2513 ita
463 2451 631 2534 progressi,
654 2451 769 2530 lampas
791 2471 848 2531 qua
870 2453 969 2514 lucida
990 2461 1146 2526 monstrat,

218 2569 266 2620 100
283 2562 372 2623 Plura
394 2541 604 2641 loquebamur,
629 2578 704 2640 quaa
726 2580 805 2624 nunc
827 2562 955 2624 reticere
977 2563 1118 2624 decorum
1141 2572 1197 2634 est,
1230 2587 1235 2598 ¹

283 2673 349 2732 Non
372 2689 460 2734 secus
482 2658 571 2751 atque
588 2671 644 2733 uhi
667 2679 739 2733 tunc
759 2671 879 2734 aderam
901 2671 1090 2734 sermonibus
1112 2673 1165 2734 uti.

325 2781 441 2843 Nobilis
464 2781 501 2842 ad
524 2780 615 2842 turris
636 2781 754 2843 radices
775 2781 910 2844 venimus
932 2781 1018 2854 imas,

284 2891 367 2964 Quae
390 2892 626 2971 septemgemino
649 2891 747 2954 stabat
768 2891 949 2954 circvmdata
971 2909 1056 2954 muro

281 3001 346 3063 Alte
369 3009 554 3080 assurgente.
597 3001 684 3063 Hunc
705 3001 798 3062 ambit
820 2997 992 3081 pellucidus‘
1008 3002 1113 3072 amuis,

216 3111 411 3172 1011000000
434 3110 608 3190 prohibens.
651 3111 741 3174 Ausis
763 3111 964 3179 transmittere
986 3129 1105 3192 cursum

281 3221 364 3282 Unda
386 3220 465 3282 viam
487 3221 610 3294 stravit,
633 3221 708 3283 duic
730 3229 763 3282 ut
783 3229 862 3283 terra
885 3221 968 3282 arida
992 3231 1085 3310 tergo,

282 3330 396 3412 Hisque
419 3331 523 3411 sophis
545 3331 653 3393 mistus
675 3340 800 3411 septena
821 3348 876 3409 per
899 3329 977 3390 ostia
999 3346 1134 3406 gressum

281 3440 457 3514 Intuleram‚
481 3449 512 3502 et
532 3441 634 3503 multis
657 3440 688 3502 in
710 3447 795 3520 prata
817 3439 949 3500 recentia
971 3437 1042 3499 rivis

280 3550 442 3613 llevenis'se
464 3551 529 3612 luit.
551 3585 593 3598 -
615 3551 712 3612 Tarde
735 3548 921 3628 graviterque
944 3548 1038 3610 tuenti

214 3672 263 3722 11⁰
280 3658 359 3722 Gens
382 3660 469 3723 cerdo
490 3661 541 3722 hic
563 3661 680 3732 aderat,
703 3678 778 3740 quae
800 3675 936 3736 magnam
959 3676 992 3718 se
1016 3675 1068 3718 010
1090 3655 1213 3728 terebat,

152 3703 156 3882 ἒ
279 3771 374 3832 llaros
397 3770 570 3850 suaviloqua
593 3789 748 3833 sermones
769 3787 843 3830 voce
864 3769 973 3829 locuta.

279 3880 451 3943 Exstantem
474 3881 541 3961 cepi
563 3898 717 3943 secessum
740 3879 771 3940 in
793 3885 877 3958 parte
899 3877 1031 3948 reducta,

279 3991 409 4070 Campus
432 3989 482 4052 ubi
505 3989 640 4052 10001000
662 3996 858 4070 prospectam
878 3987 989 4051 lumine
1012 3991 1146 4066 apertum

278 4098 420 4174 Praebet,
443 4106 477 4162 ut
497 4101 640 4162 adversos
661 4101 792 4177 legerem
813 4109 996 4176 cunctosque
1018 4103 1179 4157 notarem·
1278 4133 1282 4142 ·

211 4214 261 4269 115
319 4208 377 4271 1110
397 4209 487 4283 milti,
512 4210 582 4271 dum
604 4216 737 4272 arrectus
758 4207 898 4270 viridanti
920 4206 950 4268 ia
974 4205 1108 4282 01010100
1130 4205 1255 4277 stabant,

223 4311 228 4321 ’
276 4318 399 4396 Magnae
422 4328 492 4380 sunt
513 4319 630 4380 animae
653 4325 807 4390 ostensae,
832 4335 905 4397 quas
927 4333 1046 4394 sempor
1066 4314 1176 4378 habere

277 4429 352 4489 Ante
375 4428 479 4490 oculos
502 4427 576 4489 mihi
592 4427 657 4491 ,erit
675 4426 845 4508 justissima
868 4443 973 4487 caussa
996 4423 1150 4504 triumphi.

278 4537 343 4598 vidi
366 4537 412 4600 ire
433 4538 609 4611 Bascama,
633 4555 739 4614 magna
762 4535 923 4598 comitante
945 4541 1072 4606 caterva,
