3282 5404
649 508 785 560 serumst
803 505 847 558 XV.

194 735 230 786 40
248 722 399 791 descensu
416 732 554 803 peterent
575 725 654 803 quod
677 736 778 788 nosue
800 733 848 789 est
868 733 990 806 ungere
1012 737 1122 802 mente,

246 834 311 896 Hoc
332 834 461 914 primum
482 833 596 896 arrdivi:
618 834 700 896 Bene
721 834 760 896 sit
782 833 846 908 tibi,
869 835 971 910 Teius,
994 839 1045 918 qui
1067 857 1101 900 es
1123 840 1214 915 Unus,

246 943 283 1005 Et
303 951 437 1006 nostrum
461 962 494 1004 es
515 951 598 1008 tento
620 943 757 1022 diguatus
780 959 904 1006 munere
926 963 1038 1010 semen.

246 1051 338 1114 Dein:
362 1053 450 1114 Grete
473 1063 503 1114 et
523 1053 662 1116 diuturne
684 1053 774 1116 nimis
793 1053 917 1133 jejunia,
940 1054 993 1127 fiii,

249 1161 331 1235 Quae
353 1171 423 1224 sunt
442 1162 532 1224 ductu
553 1161 625 1224 mihi
647 1161 725 1224 libro
748 1182 784 1224 ex
805 1163 919 1245 majore
941 1165 1061 1244 legenti,

162 1293 168 1304 ¹
195 1277 230 1330 td
248 1271 358 1348 Pagina
381 1271 430 1334 ubi
453 1272 566 1334 alterne
587 1271 665 1332 haud
688 1272 788 1334 reddit
808 1281 918 1336 mutate
941 1275 1082 1348 ociorem,

247 1380 380 1454 solvisti,
401 1382 482 1444 huuc
503 1381 583 1444 intus
605 1381 797 1460 splendorem
819 1379 948 1455 luminis,
972 1385 1050 1446 unde

247 1491 344 1552 Verba
366 1491 419 1552 tibi
441 1491 554 1562 emitto,
577 1490 634 1551 huc
655 1490 771 1571 plumes
794 1490 846 1554 tihi
868 1491 968 1566 dante,
991 1493 1120 1556 volatum

228 1602 344 1668 ¹dusus
366 1600 534 1664 sublimem.
578 1601 661 1674 Quae
683 1608 715 1662 tu
736 1600 827 1662 mcdc
848 1608 971 1680 pectore
992 1623 1102 1678 verses,

246 1711 290 1773 td
312 1730 361 1774 me
383 1718 488 1774 mnus
508 1727 608 1774 meere
629 1717 716 1790 putes
737 1729 774 1772 eu
794 1710 933 1790 principe
956 1730 1062 1776 caussa

198 1829 231 1883 dd
246 1821 308 1895 ilie,
330 1839 392 1882 nun
414 1837 558 1882 secusne
580 1819 759 1899 quintusque
782 1828 812 1882 et
832 1828 933 1882 scitus
955 1822 993 1883 eb
1016 1842 1075 1886 urrc

247 1931 385 2008 Exsurgit
405 1948 556 2004 numerus,
578 1929 605 1990 si
628 1929 696 2008 quis
718 1929 792 1992 setis
815 1931 925 1994 addere
946 1944 1039 1994 novit.

249 2041 348 2113 Quare
369 2040 438 2120 quis
459 2040 575 2113 fuerim,
598 2039 645 2101 rel
667 2057 720 2104 cur
740 2039 795 2104 tibi
818 2039 925 2106 uerior
946 2060 1024 2115 esse,

248 2149 343 2224 Quem
366 2149 524 2230 quisquam
546 2168 582 2212 ex
603 2149 660 2212 iste
682 2148 822 2228 prodenti
844 2150 949 2227 gaudie
972 2151 1058 2216 turbs

229 2261 332 2322 ‘Nunc
352 2260 464 2334 videar,
486 2258 629 2322 nonulla
651 2258 708 2320 tuit
729 2259 782 2320 tibi
804 2275 909 2323 mussa
931 2262 1066 2338 regendi.

197 2378 230 2433 55
248 2371 336 2444 Quod
359 2368 468 2442 credis,
490 2387 593 2432 verum
616 2376 680 2444 θείς
702 2387 770 2430 nam
792 2369 918 2450 plusque
940 2370 1098 2452 minusque
1119 2371 1227 2436 hceute

248 2480 332 2554 Quae
355 2480 462 2542 fruitur
482 2478 541 2542 vita
564 2478 649 2542 turbe
671 2478 769 2542 omnis
791 2479 920 2559 suspicit
939 2479 1023 2554 iilud,

246 2591 281 2652 ln
303 2609 362 2671 quc
384 2597 416 2650 tu
438 2589 560 2668 speculo
583 2588 691 2668 pendis
713 2595 884 2662 mursense,
907 2589 1083 2672 priusquam

246 2699 327 2761 Haec
348 2699 447 2762 enimc
469 2699 581 2760 vulvas.
624 2698 734 2786 Verum
755 2707 786 2761 ut
808 2699 886 2762 sacri
909 2698 987 2778 ignis
1010 2703 1130 2775 amoris,

249 2809 307 2884 Qui
329 2807 451 2887 vigilare
469 2808 555 2889 jubet
575 2815 750 2887 pascentem
771 2808 883 2872 lumina
905 2809 969 2872 vise

197 2927 230 2978 dt
246 2921 396 2999 Perpetuo
418 2926 450 2980 et
470 2917 621 2980 desiderio
643 2937 692 2982 me
713 2919 844 2990 suaviter
865 2920 934 2993 urit,

246 3030 368 3091 Plenius
391 3028 526 3108 expletus
547 3037 674 3103 maneat,
697 3048 753 3090 vox
773 3029 878 3103 iibere,
899 3027 976 3092 iaetu

246 3139 284 3200 iit
305 3155 410 3202 secure
433 3146 527 3211 sonet,
551 3155 631 3217 quee
649 3137 695 3200 vis
717 3145 768 3200 aut
787 3138 878 3200 corde
899 3138 1024 3210 volutes,

246 3249 290 3310 dd
313 3267 390 3329 quus
410 3263 479 3312 mox
499 3247 619 3310 decretu
642 3246 714 3310 mihi
735 3265 881 3326 response
903 3247 1060 3310 dabuntur.

287 3359 450 3440 Postquam
471 3355 591 3436 respexi
613 3356 769 3425 dominum
790 3375 897 3437 meque
919 3356 979 3432 iiie,
1002 3358 1176 3437 priusquam

198 3479 229 3534 65
245 3469 413 3551 inciperem
435 3467 502 3541 seri,
523 3467 644 3540 audivit,
666 3467 817 3546 mltuquc
832 3485 939 3530 sereno

246 3579 357 3641 Annuit
377 3576 522 3652 arridens,
544 3576 677 3657 cupienti
699 3576 749 3656 qui
771 3577 885 3640 addidit
907 3577 980 3640 aies.

247 3689 331 3751 Tunc
353 3705 408 3766 ego
430 3688 476 3749 sic
497 3686 600 3766 cocpi:
621 3686 775 3767 Sapientia
796 3694 826 3750 et
846 3695 948 3750 aestus
970 3688 1089 3760 unieris,

124 3839 125 3842 =
246 3799 289 3861 Ex
311 3817 370 3880 quc
392 3797 533 3862 scrobis
554 3796 695 3872 ostendit,
717 3814 793 3876 quae
814 3797 892 3874 regit
913 3811 1007 3876 aeque

248 3908 368 3982 Cuncta,
393 3915 422 3970 et
443 3926 499 3989 prs
520 3907 636 3970 meritis
657 3915 764 3972 cuncte
784 3915 901 3986 nequet,
925 3921 1040 3970 summe
1060 3915 1203 3987 potestus,
1314 3936 1319 3950 ·

198 4029 231 4081 70
246 4019 311 4080 Uno
333 4018 519 4098 respondent
538 4035 697 4082 mensurae
717 4017 850 4096 pondere
872 4017 972 4079 vobis:

245 4129 320 4190 Nem
336 4127 437 4199 ¹solem
459 4138 592 4207 propter,
616 4127 667 4208 qui
688 4144 742 4188 vos
763 4125 899 4191 iustruit
920 4135 950 4188 et
971 4127 1048 4188 ussit

247 4238 327 4300 Luce
350 4257 403 4300 sun
424 4245 515 4319 etque
536 4245 630 4312 aestu,
652 4237 699 4300 sic
720 4236 880 4316 uuicuique
902 4235 1026 4298 incultus

248 4349 377 4429 Utraque
395 4348 478 4422 'inest
498 4367 604 4428 seque,
626 4346 701 4412 nihii
723 4355 755 4411 ut
776 4347 872 4416 simile
894 4365 961 4408 csse
986 4347 1108 4410 semme.

248 4459 285 4522 tt
306 4458 448 4533 studium,
471 4477 506 4520 ec
527 4458 641 4540 puriter
660 4457 769 4523 mentis
790 4455 947 4538 prudentie
971 4455 1009 4520 eb
1032 4455 1138 4546 ipsam,
