<?xml version="1.0" encoding="UTF-8"?>
<!DOCTYPE html PUBLIC "-//W3C//DTD XHTML 1.0 Transitional//EN"
    "http://www.w3.org/TR/xhtml1/DTD/xhtml1-transitional.dtd">
<html xmlns="http://www.w3.org/1999/xhtml" xml:lang="en" lang="en">
 <head>
  <title>
</title>
<meta http-equiv="Content-Type" content="text/html;charset=utf-8" />
  <meta name='ocr-system' content='tesseract 3.04.00' />
  <meta name='ocr-capabilities' content='ocr_page ocr_carea ocr_par ocr_line ocrx_word'/>
</head>
<body>
  <div class='ocr_page' id='page_1' title='image "./divinacomoedia01piazgoog_0366.png"; bbox 0 0 3234 5396; ppageno 0'>
   <div class='ocr_carea' id='block_1_1' title="bbox 635 530 818 580">
    <p class='ocr_par' dir='ltr' id='par_1_1' title="bbox 635 530 818 580">
     <span class='ocr_line' id='line_1_1' title="bbox 635 530 818 580; baseline 0 -1"><span class='ocrx_word' id='word_1_1' title='bbox 635 530 771 580; x_wconf 76' lang='lat' dir='ltr'>rtulblsl</span> <span class='ocrx_word' id='word_1_2' title='bbox 789 531 818 580; x_wconf 81' lang='lat' dir='ltr'>X.</span> 
     </span>
    </p>
   </div>
   <div class='ocr_carea' id='block_1_2' title="bbox 1087 626 1330 641">
    <p class='ocr_par' dir='ltr' id='par_1_2' title="bbox 1087 626 1330 641">
     <span class='ocr_line' id='line_1_2' title="bbox 1087 626 1330 641; baseline -0.004 1"><span class='ocrx_word' id='word_1_3' title='bbox 1087 626 1330 641; x_wconf 71' lang='lat'>&#39;&#39;·—-—--</span> 
     </span>
    </p>
   </div>
   <div class='ocr_carea' id='block_1_3' title="bbox 122 747 1208 4562">
    <p class='ocr_par' dir='ltr' id='par_1_3' title="bbox 181 747 1090 828">
     <span class='ocr_line' id='line_1_3' title="bbox 181 747 1090 828; baseline 0 -15"><span class='ocrx_word' id='word_1_4' title='bbox 181 807 191 826; x_wconf 81' lang='grc'>,</span> <span class='ocrx_word' id='word_1_5' title='bbox 265 749 350 812; x_wconf 85' lang='lat' dir='ltr'>Scire</span> <span class='ocrx_word' id='word_1_6' title='bbox 373 748 476 827; x_wconf 81' lang='lat' dir='ltr'>cupis,</span> <span class='ocrx_word' id='word_1_7' title='bbox 497 767 572 828; x_wconf 89' lang='lat' dir='ltr'>quae</span> <span class='ocrx_word' id='word_1_8' title='bbox 594 747 655 810; x_wconf 88' lang='lat' dir='ltr'>sint</span> <span class='ocrx_word' id='word_1_9' title='bbox 676 757 816 810; x_wconf 88' lang='lat' dir='ltr'>ornantes</span> <span class='ocrx_word' id='word_1_10' title='bbox 839 749 965 810; x_wconf 87' lang='lat' dir='ltr'>lloribas</span> <span class='ocrx_word' id='word_1_11' title='bbox 988 752 1090 813; x_wconf 90' lang='lat' dir='ltr'>orbem</span> 
     </span>
    </p>

    <p class='ocr_par' dir='ltr' id='par_1_4' title="bbox 172 858 1203 1376">
     <span class='ocr_line' id='line_1_4' title="bbox 172 858 975 938; baseline 0.002 -20"><span class='ocrx_word' id='word_1_12' title='bbox 172 866 205 918; x_wconf 81' lang='lat' dir='ltr'>to</span> <span class='ocrx_word' id='word_1_13' title='bbox 223 859 301 921; x_wconf 87' lang='lat' dir='ltr'>Serti</span> <span class='ocrx_word' id='word_1_14' title='bbox 323 859 412 938; x_wconf 87' lang='lat' dir='ltr'>hujus</span> <span class='ocrx_word' id='word_1_15' title='bbox 434 858 552 937; x_wconf 85' lang='lat' dir='ltr'>plantae</span> <span class='ocrx_word' id='word_1_16' title='bbox 573 858 729 936; x_wconf 83' lang='lat' dir='ltr'>gaudentis</span> <span class='ocrx_word' id='word_1_17' title='bbox 752 859 876 938; x_wconf 82' lang='lat' dir='ltr'>pulchra</span> <span class='ocrx_word' id='word_1_18' title='bbox 898 860 975 922; x_wconf 84' lang='lat' dir='ltr'>tueri</span> 
     </span>
     <span class='ocr_line' id='line_1_5' title="bbox 223 967 958 1047; baseline 0 -17"><span class='ocrx_word' id='word_1_19' title='bbox 223 968 283 1032; x_wconf 84' lang='lat' dir='ltr'>Ora</span> <span class='ocrx_word' id='word_1_20' title='bbox 305 976 373 1030; x_wconf 90' lang='lat' dir='ltr'>tuae</span> <span class='ocrx_word' id='word_1_21' title='bbox 393 968 538 1030; x_wconf 85' lang='lat' dir='ltr'>Dominae</span> <span class='ocrx_word' id='word_1_22' title='bbox 559 967 667 1029; x_wconf 84' lang='lat' dir='ltr'>virtute</span> <span class='ocrx_word' id='word_1_23' title='bbox 686 967 816 1047; x_wconf 82' lang='lat' dir='ltr'>juvantis</span> <span class='ocrx_word' id='word_1_24' title='bbox 840 977 958 1030; x_wconf 89' lang='lat' dir='ltr'>euntem</span> 
     </span>
     <span class='ocr_line' id='line_1_6' title="bbox 222 1077 1203 1156; baseline 0.002 -16"><span class='ocrx_word' id='word_1_25' title='bbox 222 1079 256 1140; x_wconf 93' lang='lat' dir='ltr'>ln</span> <span class='ocrx_word' id='word_1_26' title='bbox 278 1077 406 1139; x_wconf 88' lang='lat' dir='ltr'>eoelum.</span> <span class='ocrx_word' id='word_1_27' title='bbox 449 1077 531 1138; x_wconf 89' lang='lat' dir='ltr'>Unus</span> <span class='ocrx_word' id='word_1_28' title='bbox 554 1095 636 1138; x_wconf 88' lang='lat' dir='ltr'>eram</span> <span class='ocrx_word' id='word_1_29' title='bbox 658 1095 692 1138; x_wconf 83' lang='lat' dir='ltr'>er</span> <span class='ocrx_word' id='word_1_30' title='bbox 716 1078 808 1154; x_wconf 83' lang='lat' dir='ltr'>agnis,</span> <span class='ocrx_word' id='word_1_31' title='bbox 833 1097 907 1156; x_wconf 86' lang='lat' dir='ltr'>qnos</span> <span class='ocrx_word' id='word_1_32' title='bbox 930 1085 1051 1140; x_wconf 88' lang='lat' dir='ltr'>sanetus</span> <span class='ocrx_word' id='word_1_33' title='bbox 1074 1080 1203 1144; x_wconf 83' lang='lat' dir='ltr'>babebat</span> 
     </span>
     <span class='ocr_line' id='line_1_7' title="bbox 223 1186 1047 1262; baseline 0 -13"><span class='ocrx_word' id='word_1_34' title='bbox 223 1188 309 1260; x_wconf 78' lang='lat' dir='ltr'>Gre13</span> <span class='ocrx_word' id='word_1_35' title='bbox 333 1186 380 1248; x_wconf 85' lang='lat' dir='ltr'>oni</span> <span class='ocrx_word' id='word_1_36' title='bbox 402 1193 549 1248; x_wconf 69' lang='lat' dir='ltr'>monebat</span> <span class='ocrx_word' id='word_1_37' title='bbox 569 1187 626 1248; x_wconf 91' lang='lat' dir='ltr'>iter</span> <span class='ocrx_word' id='word_1_38' title='bbox 648 1186 792 1262; x_wconf 83' lang='lat' dir='ltr'>Caliguris</span> <span class='ocrx_word' id='word_1_39' title='bbox 816 1188 915 1248; x_wconf 79' lang='lat' dir='ltr'><strong>nobile</strong></span> <span class='ocrx_word' id='word_1_40' title='bbox 937 1189 1047 1262; x_wconf 90' lang='lat' dir='ltr'>lumen,</span> 
     </span>
     <span class='ocr_line' id='line_1_8' title="bbox 222 1295 1033 1376; baseline -0.001 -17"><span class='ocrx_word' id='word_1_41' title='bbox 222 1297 345 1374; x_wconf 82' lang='lat' dir='ltr'>Pinguis</span> <span class='ocrx_word' id='word_1_42' title='bbox 366 1296 417 1358; x_wconf 91' lang='lat' dir='ltr'>ubi</span> <span class='ocrx_word' id='word_1_43' title='bbox 441 1296 549 1358; x_wconf 88' lang='lat' dir='ltr'>ereseil</span> <span class='ocrx_word' id='word_1_44' title='bbox 570 1295 622 1375; x_wconf 84' lang='lat' dir='ltr'>qui</span> <span class='ocrx_word' id='word_1_45' title='bbox 644 1313 693 1356; x_wconf 88' lang='lat' dir='ltr'>res</span> <span class='ocrx_word' id='word_1_46' title='bbox 716 1314 776 1356; x_wconf 91' lang='lat' dir='ltr'>non</span> <span class='ocrx_word' id='word_1_47' title='bbox 799 1305 896 1376; x_wconf 81' lang='lat' dir='ltr'>raptat</span> <span class='ocrx_word' id='word_1_48' title='bbox 919 1296 1033 1358; x_wconf 88' lang='lat' dir='ltr'>inanes.</span> 
     </span>
    </p>

    <p class='ocr_par' dir='ltr' id='par_1_5' title="bbox 172 1405 1156 1924">
     <span class='ocr_line' id='line_1_9' title="bbox 172 1405 1146 1483; baseline -0.001 -15"><span class='ocrx_word' id='word_1_49' title='bbox 172 1423 205 1477; x_wconf 73' lang='lat'>95</span> <span class='ocrx_word' id='word_1_50' title='bbox 223 1406 282 1481; x_wconf 81' lang='lat' dir='ltr'>Qui</span> <span class='ocrx_word' id='word_1_51' title='bbox 305 1405 378 1467; x_wconf 94' lang='lat' dir='ltr'>mibi</span> <span class='ocrx_word' id='word_1_52' title='bbox 401 1406 503 1466; x_wconf 77' lang='lat' dir='ltr'>dexter</span> <span class='ocrx_word' id='word_1_53' title='bbox 523 1405 609 1466; x_wconf 81' lang='lat' dir='ltr'>adest</span> <span class='ocrx_word' id='word_1_54' title='bbox 629 1405 762 1483; x_wconf 79' lang='lat' dir='ltr'>propior,</span> <span class='ocrx_word' id='word_1_55' title='bbox 785 1405 858 1467; x_wconf 88' lang='lat' dir='ltr'>mihi</span> <span class='ocrx_word' id='word_1_56' title='bbox 881 1407 971 1468; x_wconf 82' lang='lat' dir='ltr'>irater</span> <span class='ocrx_word' id='word_1_57' title='bbox 992 1415 1022 1467; x_wconf 89' lang='lat' dir='ltr'>et</span> <span class='ocrx_word' id='word_1_58' title='bbox 1042 1416 1146 1468; x_wconf 84' lang='lat' dir='ltr'>auctor</span> 
     </span>
     <span class='ocr_line' id='line_1_10' title="bbox 222 1515 1058 1594; baseline 0 -16"><span class='ocrx_word' id='word_1_59' title='bbox 222 1519 252 1579; x_wconf 93' lang='lat' dir='ltr'>ls</span> <span class='ocrx_word' id='word_1_60' title='bbox 274 1516 330 1578; x_wconf 91' lang='lat' dir='ltr'>luit</span> <span class='ocrx_word' id='word_1_61' title='bbox 350 1516 571 1593; x_wconf 75' lang='lat' dir='ltr'>lapsurasque</span> <span class='ocrx_word' id='word_1_62' title='bbox 593 1521 639 1576; x_wconf 89' lang='lat' dir='ltr'>est</span> <span class='ocrx_word' id='word_1_63' title='bbox 660 1515 725 1594; x_wconf 89' lang='lat' dir='ltr'>ipse</span> <span class='ocrx_word' id='word_1_64' title='bbox 748 1515 904 1588; x_wconf 67' lang='lat' dir='ltr'>Cononem</span> <span class='ocrx_word' id='word_1_65' title='bbox 927 1521 1058 1584; x_wconf 74' lang='lat' dir='ltr'>Anninus</span> 
     </span>
     <span class='ocr_line' id='line_1_11' title="bbox 223 1623 1094 1706; baseline 0.001 -19"><span class='ocrx_word' id='word_1_66' title='bbox 223 1627 347 1688; x_wconf 76' lang='lat' dir='ltr'>Tronis</span> <span class='ocrx_word' id='word_1_67' title='bbox 370 1623 456 1686; x_wconf 84' lang='lat' dir='ltr'>dicor</span> <span class='ocrx_word' id='word_1_68' title='bbox 477 1642 543 1703; x_wconf 80' lang='lat' dir='ltr'>ego.</span> <span class='ocrx_word' id='word_1_69' title='bbox 587 1623 731 1702; x_wconf 82' lang='lat' dir='ltr'>Reliquos</span> <span class='ocrx_word' id='word_1_70' title='bbox 753 1623 779 1686; x_wconf 88' lang='lat' dir='ltr'>si</span> <span class='ocrx_word' id='word_1_71' title='bbox 803 1633 850 1686; x_wconf 89' lang='lat' dir='ltr'>est</span> <span class='ocrx_word' id='word_1_72' title='bbox 871 1625 950 1686; x_wconf 87' lang='lat' dir='ltr'>seire</span> <span class='ocrx_word' id='word_1_73' title='bbox 976 1626 1094 1706; x_wconf 84' lang='lat' dir='ltr'>cupido,</span> 
     </span>
     <span class='ocr_line' id='line_1_12' title="bbox 222 1734 1156 1814; baseline 0 -17"><span class='ocrx_word' id='word_1_74' title='bbox 222 1736 268 1799; x_wconf 86' lang='lat' dir='ltr'>Tu</span> <span class='ocrx_word' id='word_1_75' title='bbox 290 1755 338 1797; x_wconf 91' lang='lat' dir='ltr'>me</span> <span class='ocrx_word' id='word_1_76' title='bbox 361 1734 457 1796; x_wconf 85' lang='lat' dir='ltr'>oeulis</span> <span class='ocrx_word' id='word_1_77' title='bbox 479 1735 590 1796; x_wconf 78' lang='lat' dir='ltr'>lentem</span> <span class='ocrx_word' id='word_1_78' title='bbox 613 1751 748 1812; x_wconf 81' lang='lat' dir='ltr'>sequere,</span> <span class='ocrx_word' id='word_1_79' title='bbox 771 1735 1017 1814; x_wconf 83' lang='lat' dir='ltr'>adscendensque</span> <span class='ocrx_word' id='word_1_80' title='bbox 1039 1735 1156 1798; x_wconf 88' lang='lat' dir='ltr'>beatum</span> 
     </span>
     <span class='ocr_line' id='line_1_13' title="bbox 222 1843 1045 1924; baseline 0 -17"><span class='ocrx_word' id='word_1_81' title='bbox 222 1847 282 1908; x_wconf 81' lang='lat' dir='ltr'>Fae</span> <span class='ocrx_word' id='word_1_82' title='bbox 303 1845 383 1906; x_wconf 90' lang='lat' dir='ltr'>lente</span> <span class='ocrx_word' id='word_1_83' title='bbox 404 1844 547 1924; x_wconf 84' lang='lat' dir='ltr'>inspieiae</span> <span class='ocrx_word' id='word_1_84' title='bbox 569 1851 691 1904; x_wconf 86' lang='lat' dir='ltr'>sertum.</span> <span class='ocrx_word' id='word_1_85' title='bbox 736 1844 794 1916; x_wconf 87' lang='lat' dir='ltr'>Qui</span> <span class='ocrx_word' id='word_1_86' title='bbox 817 1843 945 1922; x_wconf 80' lang='lat' dir='ltr'>fulgurat</span> <span class='ocrx_word' id='word_1_87' title='bbox 967 1846 1045 1924; x_wconf 85' lang='lat' dir='ltr'>ignis</span> 
     </span>
    </p>

    <p class='ocr_par' dir='ltr' id='par_1_6' title="bbox 158 1953 944 2033">
     <span class='ocr_line' id='line_1_14' title="bbox 158 1953 944 2033; baseline -0.005 -13"><span class='ocrx_word' id='word_1_88' title='bbox 158 1965 206 2020; x_wconf 84' lang='lat'>10⁰</span> <span class='ocrx_word' id='word_1_89' title='bbox 222 1959 311 2031; x_wconf 80' lang='lat' dir='ltr'>Alter,</span> <span class='ocrx_word' id='word_1_90' title='bbox 334 1955 362 2016; x_wconf 88' lang='lat' dir='ltr'>is</span> <span class='ocrx_word' id='word_1_91' title='bbox 383 1973 420 2016; x_wconf 80' lang='lat' dir='ltr'>ex</span> <span class='ocrx_word' id='word_1_92' title='bbox 439 1955 506 2016; x_wconf 86' lang='lat' dir='ltr'>risu</span> <span class='ocrx_word' id='word_1_93' title='bbox 525 1953 645 2016; x_wconf 79' lang='lat' dir='ltr'>Ceusuu</span> <span class='ocrx_word' id='word_1_94' title='bbox 667 1953 803 2031; x_wconf 76' lang='lat' dir='ltr'>erumpit,</span> <span class='ocrx_word' id='word_1_95' title='bbox 825 1954 944 2033; x_wconf 88' lang='lat' dir='ltr'>utrique</span> 
     </span>
    </p>

    <p class='ocr_par' dir='ltr' id='par_1_7' title="bbox 133 2063 1190 2473">
     <span class='ocr_line' id='line_1_15' title="bbox 133 2063 934 2140; baseline -0.006 -10"><span class='ocrx_word' id='word_1_96' title='bbox 133 2123 136 2130; x_wconf 79' lang='grc'>,</span> <span class='ocrx_word' id='word_1_97' title='bbox 222 2067 281 2140; x_wconf 85' lang='lat' dir='ltr'>Qui</span> <span class='ocrx_word' id='word_1_98' title='bbox 303 2065 348 2128; x_wconf 90' lang='lat' dir='ltr'>sio</span> <span class='ocrx_word' id='word_1_99' title='bbox 370 2072 416 2126; x_wconf 90' lang='lat' dir='ltr'>sat</span> <span class='ocrx_word' id='word_1_100' title='bbox 437 2064 546 2126; x_wconf 76' lang='lat' dir='ltr'>lesisse</span> <span class='ocrx_word' id='word_1_101' title='bbox 569 2064 635 2124; x_wconf 82' lang='lat' dir='ltr'>foro</span> <span class='ocrx_word' id='word_1_102' title='bbox 658 2069 800 2134; x_wconf 87' lang='lat' dir='ltr'>narratur,</span> <span class='ocrx_word' id='word_1_103' title='bbox 824 2063 854 2123; x_wconf 87' lang='lat' dir='ltr'>in</span> <span class='ocrx_word' id='word_1_104' title='bbox 877 2063 934 2125; x_wconf 90' lang='lat' dir='ltr'>alto</span> 
     </span>
     <span class='ocr_line' id='line_1_16' title="bbox 222 2171 1082 2255; baseline -0.002 -17"><span class='ocrx_word' id='word_1_105' title='bbox 222 2175 259 2238; x_wconf 91' lang='lat' dir='ltr'>Ut</span> <span class='ocrx_word' id='word_1_106' title='bbox 279 2174 397 2255; x_wconf 83' lang='lat' dir='ltr'>placeat</span> <span class='ocrx_word' id='word_1_107' title='bbox 416 2191 520 2252; x_wconf 73' lang='lat' dir='ltr'>regno.</span> <span class='ocrx_word' id='word_1_108' title='bbox 563 2172 704 2233; x_wconf 86' lang='lat' dir='ltr'>Nostrum</span> <span class='ocrx_word' id='word_1_109' title='bbox 728 2171 778 2251; x_wconf 91' lang='lat' dir='ltr'>qui</span> <span class='ocrx_word' id='word_1_110' title='bbox 800 2181 924 2252; x_wconf 84' lang='lat' dir='ltr'>propter</span> <span class='ocrx_word' id='word_1_111' title='bbox 945 2173 1082 2236; x_wconf 87' lang='lat' dir='ltr'>honestat</span> 
     </span>
     <span class='ocr_line' id='line_1_17' title="bbox 222 2283 1190 2362; baseline -0.001 -15"><span class='ocrx_word' id='word_1_112' title='bbox 222 2284 398 2357; x_wconf 79' lang='lat' dir='ltr'>Consilium,</span> <span class='ocrx_word' id='word_1_113' title='bbox 420 2283 471 2345; x_wconf 87' lang='lat' dir='ltr'>bie</span> <span class='ocrx_word' id='word_1_114' title='bbox 492 2283 611 2344; x_wconf 80' lang='lat' dir='ltr'>Parnes</span> <span class='ocrx_word' id='word_1_115' title='bbox 634 2289 688 2352; x_wconf 83' lang='lat' dir='ltr'>est,</span> <span class='ocrx_word' id='word_1_116' title='bbox 712 2299 779 2342; x_wconf 89' lang='lat' dir='ltr'>eum</span> <span class='ocrx_word' id='word_1_117' title='bbox 802 2301 861 2361; x_wconf 90' lang='lat' dir='ltr'>qno</span> <span class='ocrx_word' id='word_1_118' title='bbox 883 2283 1065 2362; x_wconf 82' lang='lat' dir='ltr'>paupercula</span> <span class='ocrx_word' id='word_1_119' title='bbox 1088 2285 1190 2358; x_wconf 83' lang='lat' dir='ltr'>stabat</span> 
     </span>
     <span class='ocr_line' id='line_1_18' title="bbox 222 2392 1009 2473; baseline -0.004 -16"><span class='ocrx_word' id='word_1_120' title='bbox 222 2394 368 2456; x_wconf 78' lang='lat' dir='ltr'>Thesauri</span> <span class='ocrx_word' id='word_1_121' title='bbox 389 2394 454 2473; x_wconf 86' lang='lat' dir='ltr'>ipse</span> <span class='ocrx_word' id='word_1_122' title='bbox 477 2392 523 2454; x_wconf 90' lang='lat' dir='ltr'>sui</span> <span class='ocrx_word' id='word_1_123' title='bbox 546 2393 616 2454; x_wconf 90' lang='lat' dir='ltr'>dum</span> <span class='ocrx_word' id='word_1_124' title='bbox 639 2399 758 2453; x_wconf 85' lang='lat' dir='ltr'>sanstae</span> <span class='ocrx_word' id='word_1_125' title='bbox 781 2403 901 2454; x_wconf 84' lang='lat' dir='ltr'>monera</span> <span class='ocrx_word' id='word_1_126' title='bbox 924 2394 1009 2454; x_wconf 88' lang='lat' dir='ltr'>matri</span> 
     </span>
    </p>

    <p class='ocr_par' dir='ltr' id='par_1_8' title="bbox 158 2500 1016 2581">
     <span class='ocr_line' id='line_1_19' title="bbox 158 2500 1016 2581; baseline 0 -17"><span class='ocrx_word' id='word_1_127' title='bbox 158 2510 206 2565; x_wconf 81' lang='lat'>1⁰5</span> <span class='ocrx_word' id='word_1_128' title='bbox 224 2503 346 2568; x_wconf 83' lang='lat' dir='ltr'>Obtulit.</span> <span class='ocrx_word' id='word_1_129' title='bbox 389 2503 428 2564; x_wconf 80' lang='lat' dir='ltr'>lt</span> <span class='ocrx_word' id='word_1_130' title='bbox 448 2502 562 2581; x_wconf 82' lang='lat' dir='ltr'>lampas</span> <span class='ocrx_word' id='word_1_131' title='bbox 583 2500 701 2578; x_wconf 79' lang='lat' dir='ltr'>fulgens</span> <span class='ocrx_word' id='word_1_132' title='bbox 722 2501 921 2580; x_wconf 85' lang='lat' dir='ltr'>pulcherrima</span> <span class='ocrx_word' id='word_1_133' title='bbox 944 2504 1016 2564; x_wconf 87' lang='lat' dir='ltr'>serti</span> 
     </span>
    </p>

    <p class='ocr_par' dir='ltr' id='par_1_9' title="bbox 122 2605 1006 3024">
     <span class='ocr_line' id='line_1_20' title="bbox 122 2605 1004 2694; baseline -0.007 -16"><span class='ocrx_word' id='word_1_134' title='bbox 122 2626 124 2632; x_wconf 86' lang='lat'>&#39;</span> <span class='ocrx_word' id='word_1_135' title='bbox 221 2605 312 2678; x_wconf 69' lang='lat' dir='ltr'>ls&#39;tius</span> <span class='ocrx_word' id='word_1_136' title='bbox 335 2613 436 2694; x_wconf 88' lang='lat' dir='ltr'>quinta</span> <span class='ocrx_word' id='word_1_137' title='bbox 459 2622 513 2685; x_wconf 75' lang='lat' dir='ltr'>est,</span> <span class='ocrx_word' id='word_1_138' title='bbox 536 2619 649 2674; x_wconf 88' lang='lat' dir='ltr'>tantum</span> <span class='ocrx_word' id='word_1_139' title='bbox 673 2629 748 2690; x_wconf 88' lang='lat' dir='ltr'>quae</span> <span class='ocrx_word' id='word_1_140' title='bbox 771 2612 864 2690; x_wconf 86' lang='lat' dir='ltr'>spirat</span> <span class='ocrx_word' id='word_1_141' title='bbox 885 2612 1004 2686; x_wconf 87' lang='lat' dir='ltr'>amoris,</span> 
     </span>
     <span class='ocr_line' id='line_1_21' title="bbox 221 2722 1006 2801; baseline -0.005 -13"><span class='ocrx_word' id='word_1_142' title='bbox 221 2726 260 2788; x_wconf 88' lang='lat' dir='ltr'>Ut</span> <span class='ocrx_word' id='word_1_143' title='bbox 282 2725 369 2787; x_wconf 86' lang='lat' dir='ltr'>tellns</span> <span class='ocrx_word' id='word_1_144' title='bbox 392 2723 487 2790; x_wconf 70' lang='lat' dir='ltr'>armo.</span> <span class='ocrx_word' id='word_1_145' title='bbox 498 2728 659 2801; x_wconf 81' lang='lat' dir='ltr'>exspectet,</span> <span class='ocrx_word' id='word_1_146' title='bbox 683 2722 734 2801; x_wconf 90' lang='lat' dir='ltr'>qui</span> <span class='ocrx_word' id='word_1_147' title='bbox 755 2740 823 2783; x_wconf 89' lang='lat' dir='ltr'>vera</span> <span class='ocrx_word' id='word_1_148' title='bbox 844 2730 1006 2801; x_wconf 87' lang='lat' dir='ltr'>reportent.</span> 
     </span>
     <span class='ocr_line' id='line_1_22' title="bbox 222 2829 968 2911; baseline -0.007 -12"><span class='ocrx_word' id='word_1_149' title='bbox 222 2837 286 2898; x_wconf 78' lang='lat' dir='ltr'>Lux</span> <span class='ocrx_word' id='word_1_150' title='bbox 309 2833 367 2895; x_wconf 88' lang='lat' dir='ltr'>alta</span> <span class='ocrx_word' id='word_1_151' title='bbox 389 2834 469 2894; x_wconf 89' lang='lat' dir='ltr'>intus</span> <span class='ocrx_word' id='word_1_152' title='bbox 490 2831 584 2904; x_wconf 86' lang='lat' dir='ltr'>adest,</span> <span class='ocrx_word' id='word_1_153' title='bbox 607 2829 682 2894; x_wconf 88' lang='lat' dir='ltr'>adeo</span> <span class='ocrx_word' id='word_1_154' title='bbox 705 2831 795 2894; x_wconf 87' lang='lat' dir='ltr'>ditata</span> <span class='ocrx_word' id='word_1_155' title='bbox 818 2833 968 2911; x_wconf 90' lang='lat' dir='ltr'>prolundo</span> 
     </span>
     <span class='ocr_line' id='line_1_23' title="bbox 222 2941 940 3024; baseline -0.006 -16"><span class='ocrx_word' id='word_1_156' title='bbox 222 2945 345 3008; x_wconf 84' lang='lat' dir='ltr'>Consilii</span> <span class='ocrx_word' id='word_1_157' title='bbox 368 2943 484 3024; x_wconf 74' lang='lat' dir='ltr'>pelago,</span> <span class='ocrx_word' id='word_1_158' title='bbox 508 2941 534 3002; x_wconf 92' lang='lat' dir='ltr'>si</span> <span class='ocrx_word' id='word_1_159' title='bbox 555 2958 658 3002; x_wconf 89' lang='lat' dir='ltr'>rerum</span> <span class='ocrx_word' id='word_1_160' title='bbox 679 2960 748 3003; x_wconf 84' lang='lat' dir='ltr'>vera</span> <span class='ocrx_word' id='word_1_161' title='bbox 769 2941 940 3021; x_wconf 83' lang='lat' dir='ltr'>loquuntur,</span> 
     </span>
    </p>

    <p class='ocr_par' dir='ltr' id='par_1_10' title="bbox 158 3050 1076 3460">
     <span class='ocr_line' id='line_1_24' title="bbox 158 3050 944 3120; baseline -0.013 0"><span class='ocrx_word' id='word_1_162' title='bbox 158 3068 206 3120; x_wconf 85' lang='lat' dir='ltr'>llll</span> <span class='ocrx_word' id='word_1_163' title='bbox 221 3056 260 3118; x_wconf 88' lang='lat' dir='ltr'>Ut</span> <span class='ocrx_word' id='word_1_164' title='bbox 280 3063 344 3116; x_wconf 88' lang='lat' dir='ltr'>vate</span> <span class='ocrx_word' id='word_1_165' title='bbox 366 3073 383 3116; x_wconf 91' lang='lat' dir='ltr'>a</span> <span class='ocrx_word' id='word_1_166' title='bbox 407 3059 487 3114; x_wconf 90' lang='lat' dir='ltr'>tauto</span> <span class='ocrx_word' id='word_1_167' title='bbox 510 3069 569 3112; x_wconf 91' lang='lat' dir='ltr'>non</span> <span class='ocrx_word' id='word_1_168' title='bbox 592 3051 759 3112; x_wconf 82' lang='lat' dir='ltr'>surrexisse</span> <span class='ocrx_word' id='word_1_169' title='bbox 781 3050 944 3111; x_wconf 85' lang='lat' dir='ltr'>sennodum</span> 
     </span>
     <span class='ocr_line' id='line_1_25' title="bbox 221 3159 1076 3241; baseline -0.009 -13"><span class='ocrx_word' id='word_1_170' title='bbox 221 3165 354 3228; x_wconf 76' lang='lat' dir='ltr'>Constet.</span> <span class='ocrx_word' id='word_1_171' title='bbox 399 3160 485 3236; x_wconf 85' lang='lat' dir='ltr'>Quod</span> <span class='ocrx_word' id='word_1_172' title='bbox 503 3160 586 3241; x_wconf 84' lang='lat' dir='ltr'>juxta</span> <span class='ocrx_word' id='word_1_173' title='bbox 609 3167 668 3221; x_wconf 89' lang='lat' dir='ltr'>stat</span> <span class='ocrx_word' id='word_1_174' title='bbox 688 3159 799 3231; x_wconf 88' lang='lat' dir='ltr'>lumen,</span> <span class='ocrx_word' id='word_1_175' title='bbox 823 3179 927 3220; x_wconf 86' lang='lat' dir='ltr'>serens</span> <span class='ocrx_word' id='word_1_176' title='bbox 949 3160 998 3220; x_wconf 87' lang='lat' dir='ltr'>ille</span> <span class='ocrx_word' id='word_1_177' title='bbox 1021 3169 1076 3232; x_wconf 87' lang='lat' dir='ltr'>est,</span> 
     </span>
     <span class='ocr_line' id='line_1_26' title="bbox 222 3268 994 3349; baseline -0.012 -12"><span class='ocrx_word' id='word_1_178' title='bbox 222 3275 280 3349; x_wconf 85' lang='lat' dir='ltr'>Qui</span> <span class='ocrx_word' id='word_1_179' title='bbox 302 3273 363 3334; x_wconf 88' lang='lat' dir='ltr'>illie</span> <span class='ocrx_word' id='word_1_180' title='bbox 385 3289 473 3343; x_wconf 85' lang='lat' dir='ltr'>earne</span> <span class='ocrx_word' id='word_1_181' title='bbox 494 3271 592 3347; x_wconf 78' lang='lat' dir='ltr'>gravis</span> <span class='ocrx_word' id='word_1_182' title='bbox 613 3269 721 3330; x_wconf 89' lang='lat' dir='ltr'>melias</span> <span class='ocrx_word' id='word_1_183' title='bbox 743 3268 852 3328; x_wconf 89' lang='lat' dir='ltr'>vidisse</span> <span class='ocrx_word' id='word_1_184' title='bbox 875 3275 994 3346; x_wconf 87' lang='lat' dir='ltr'>putetur</span> 
     </span>
     <span class='ocr_line' id='line_1_27' title="bbox 220 3378 1035 3460; baseline -0.01 -14"><span class='ocrx_word' id='word_1_185' title='bbox 220 3385 360 3447; x_wconf 81' lang='lat' dir='ltr'>Naturam</span> <span class='ocrx_word' id='word_1_186' title='bbox 384 3380 548 3460; x_wconf 79' lang='lat' dir='ltr'>angelicam</span> <span class='ocrx_word' id='word_1_187' title='bbox 570 3379 778 3457; x_wconf 72' lang='lat' dir='ltr'>tangentiaque</span> <span class='ocrx_word' id='word_1_188' title='bbox 801 3395 923 3448; x_wconf 87' lang='lat' dir='ltr'>monera</span> <span class='ocrx_word' id='word_1_189' title='bbox 945 3378 1035 3440; x_wconf 85' lang='lat' dir='ltr'>llivis.</span> 
     </span>
    </p>

    <p class='ocr_par' dir='ltr' id='par_1_11' title="bbox 220 3488 993 3567">
     <span class='ocr_line' id='line_1_28' title="bbox 220 3488 993 3567; baseline -0.012 -10"><span class='ocrx_word' id='word_1_190' title='bbox 220 3495 301 3557; x_wconf 85' lang='lat' dir='ltr'>Luee</span> <span class='ocrx_word' id='word_1_191' title='bbox 324 3493 381 3556; x_wconf 88' lang='lat' dir='ltr'>alia</span> <span class='ocrx_word' id='word_1_192' title='bbox 402 3491 434 3554; x_wconf 92' lang='lat' dir='ltr'>in</span> <span class='ocrx_word' id='word_1_193' title='bbox 456 3489 537 3552; x_wconf 89' lang='lat' dir='ltr'>tenui</span> <span class='ocrx_word' id='word_1_194' title='bbox 559 3489 651 3561; x_wconf 85' lang='lat' dir='ltr'>ridet,</span> <span class='ocrx_word' id='word_1_195' title='bbox 675 3489 725 3567; x_wconf 91' lang='lat' dir='ltr'>qui</span> <span class='ocrx_word' id='word_1_196' title='bbox 748 3488 856 3566; x_wconf 88' lang='lat' dir='ltr'>templa</span> <span class='ocrx_word' id='word_1_197' title='bbox 879 3497 993 3550; x_wconf 87' lang='lat' dir='ltr'>saerata</span> 
     </span>
    </p>

    <p class='ocr_par' dir='ltr' id='par_1_12' title="bbox 156 3597 1019 4119">
     <span class='ocr_line' id='line_1_29' title="bbox 156 3597 968 3679; baseline -0.014 -11"><span class='ocrx_word' id='word_1_198' title='bbox 156 3615 203 3669; x_wconf 80' lang='lat'>115</span> <span class='ocrx_word' id='word_1_199' title='bbox 222 3603 422 3667; x_wconf 73' lang='lat' dir='ltr'>christiadum</span> <span class='ocrx_word' id='word_1_200' title='bbox 444 3608 546 3662; x_wconf 86' lang='lat' dir='ltr'>orator</span> <span class='ocrx_word' id='word_1_201' title='bbox 566 3618 622 3679; x_wconf 90' lang='lat' dir='ltr'>pro</span> <span class='ocrx_word' id='word_1_202' title='bbox 643 3599 671 3659; x_wconf 90' lang='lat' dir='ltr'>vi</span> <span class='ocrx_word' id='word_1_203' title='bbox 694 3599 866 3660; x_wconf 88' lang='lat' dir='ltr'>deleoderot</span> <span class='ocrx_word' id='word_1_204' title='bbox 887 3597 968 3668; x_wconf 84' lang='lat' dir='ltr'>artis,</span> 
     </span>
     <span class='ocr_line' id='line_1_30' title="bbox 220 3707 1019 3792; baseline -0.011 -16"><span class='ocrx_word' id='word_1_205' title='bbox 220 3715 264 3776; x_wconf 83' lang='lat' dir='ltr'>Ex</span> <span class='ocrx_word' id='word_1_206' title='bbox 286 3712 371 3792; x_wconf 84' lang='lat' dir='ltr'>cujus</span> <span class='ocrx_word' id='word_1_207' title='bbox 394 3711 515 3791; x_wconf 86' lang='lat' dir='ltr'>seriptis</span> <span class='ocrx_word' id='word_1_208' title='bbox 539 3710 692 3790; x_wconf 87' lang='lat' dir='ltr'>proprium</span> <span class='ocrx_word' id='word_1_209' title='bbox 715 3707 859 3768; x_wconf 80' lang='lat' dir='ltr'>convertit</span> <span class='ocrx_word' id='word_1_210' title='bbox 880 3708 911 3768; x_wconf 93' lang='lat' dir='ltr'>in</span> <span class='ocrx_word' id='word_1_211' title='bbox 933 3725 1019 3768; x_wconf 88' lang='lat' dir='ltr'>nsum</span> 
     </span>
     <span class='ocr_line' id='line_1_31' title="bbox 220 3817 992 3884; baseline -0.009 0"><span class='ocrx_word' id='word_1_212' title='bbox 220 3822 310 3884; x_wconf 84' lang='lat' dir='ltr'>blalta</span> <span class='ocrx_word' id='word_1_213' title='bbox 332 3824 528 3883; x_wconf 82' lang='lat' dir='ltr'>Aueosmnus.</span> <span class='ocrx_word' id='word_1_214' title='bbox 572 3819 657 3880; x_wconf 85' lang='lat' dir='ltr'>Nune</span> <span class='ocrx_word' id='word_1_215' title='bbox 678 3828 710 3881; x_wconf 92' lang='lat' dir='ltr'>tu</span> <span class='ocrx_word' id='word_1_216' title='bbox 733 3818 758 3878; x_wconf 92' lang='lat' dir='ltr'>si</span> <span class='ocrx_word' id='word_1_217' title='bbox 780 3817 889 3878; x_wconf 89' lang='lat' dir='ltr'>lumina</span> <span class='ocrx_word' id='word_1_218' title='bbox 911 3818 992 3878; x_wconf 71' lang='lat' dir='ltr'>visum</span> 
     </span>
     <span class='ocr_line' id='line_1_32' title="bbox 220 3928 946 4000; baseline -0.011 -6"><span class='ocrx_word' id='word_1_219' title='bbox 220 3933 264 4000; x_wconf 72' lang='lat' dir='ltr'>sa</span> <span class='ocrx_word' id='word_1_220' title='bbox 285 3933 351 3993; x_wconf 84' lang='lat' dir='ltr'>luce</span> <span class='ocrx_word' id='word_1_221' title='bbox 374 3932 404 3992; x_wconf 90' lang='lat' dir='ltr'>in</span> <span class='ocrx_word' id='word_1_222' title='bbox 425 3931 523 3992; x_wconf 85' lang='lat' dir='ltr'>lucem</span> <span class='ocrx_word' id='word_1_223' title='bbox 544 3928 693 3990; x_wconf 90' lang='lat' dir='ltr'>laudantis</span> <span class='ocrx_word' id='word_1_224' title='bbox 715 3928 804 3989; x_wconf 87' lang='lat' dir='ltr'>rerba</span> <span class='ocrx_word' id='word_1_225' title='bbox 826 3936 946 3988; x_wconf 82' lang='lat' dir='ltr'>secutus</span> 
     </span>
     <span class='ocr_line' id='line_1_33' title="bbox 221 4037 970 4119; baseline -0.008 -17"><span class='ocrx_word' id='word_1_226' title='bbox 221 4043 347 4114; x_wconf 76' lang='lat' dir='ltr'>lienes,</span> <span class='ocrx_word' id='word_1_227' title='bbox 369 4049 490 4102; x_wconf 83' lang='lat' dir='ltr'>oelarae</span> <span class='ocrx_word' id='word_1_228' title='bbox 512 4037 566 4099; x_wconf 89' lang='lat' dir='ltr'>tibi</span> <span class='ocrx_word' id='word_1_229' title='bbox 585 4038 646 4119; x_wconf 88' lang='lat' dir='ltr'>jam</span> <span class='ocrx_word' id='word_1_230' title='bbox 669 4039 734 4100; x_wconf 91' lang='lat' dir='ltr'>sitis</span> <span class='ocrx_word' id='word_1_231' title='bbox 757 4037 849 4098; x_wconf 91' lang='lat' dir='ltr'>altera</span> <span class='ocrx_word' id='word_1_232' title='bbox 870 4044 970 4097; x_wconf 88' lang='lat' dir='ltr'>restet.</span> 
     </span>
    </p>

    <p class='ocr_par' dir='ltr' id='par_1_13' title="bbox 156 4146 1075 4450">
     <span class='ocr_line' id='line_1_34' title="bbox 156 4146 1050 4230; baseline -0.015 -11"><span class='ocrx_word' id='word_1_233' title='bbox 156 4168 205 4219; x_wconf 78' lang='lat' dir='ltr'>lat</span> <span class='ocrx_word' id='word_1_234' title='bbox 223 4153 420 4230; x_wconf 79' lang='lat' dir='ltr'>Omnigenom</span> <span class='ocrx_word' id='word_1_235' title='bbox 442 4157 577 4229; x_wconf 84' lang='lat' dir='ltr'>spectare</span> <span class='ocrx_word' id='word_1_236' title='bbox 598 4149 710 4210; x_wconf 88' lang='lat' dir='ltr'>bonnm</span> <span class='ocrx_word' id='word_1_237' title='bbox 733 4147 791 4209; x_wconf 84' lang='lat' dir='ltr'>sibi</span> <span class='ocrx_word' id='word_1_238' title='bbox 813 4147 920 4225; x_wconf 84' lang='lat' dir='ltr'>gaudet</span> <span class='ocrx_word' id='word_1_239' title='bbox 941 4146 971 4206; x_wconf 88' lang='lat' dir='ltr'>in</span> <span class='ocrx_word' id='word_1_240' title='bbox 994 4146 1050 4206; x_wconf 89' lang='lat' dir='ltr'>ista</span> 
     </span>
     <span class='ocr_line' id='line_1_35' title="bbox 222 4255 1018 4338; baseline -0.013 -14"><span class='ocrx_word' id='word_1_241' title='bbox 222 4263 329 4324; x_wconf 83' lang='lat' dir='ltr'>Sancta</span> <span class='ocrx_word' id='word_1_242' title='bbox 352 4261 450 4322; x_wconf 90' lang='lat' dir='ltr'>anima</span> <span class='ocrx_word' id='word_1_243' title='bbox 472 4258 562 4331; x_wconf 88' lang='lat' dir='ltr'>illius,</span> <span class='ocrx_word' id='word_1_244' title='bbox 585 4277 643 4338; x_wconf 91' lang='lat' dir='ltr'>per</span> <span class='ocrx_word' id='word_1_245' title='bbox 661 4277 750 4337; x_wconf 65' lang='lat' dir='ltr'>mem</span> <span class='ocrx_word' id='word_1_246' title='bbox 771 4256 895 4336; x_wconf 82' lang='lat' dir='ltr'>pellacia</span> <span class='ocrx_word' id='word_1_247' title='bbox 916 4255 1018 4317; x_wconf 83' lang='lat' dir='ltr'>mnndi</span> 
     </span>
     <span class='ocr_line' id='line_1_36' title="bbox 221 4365 1075 4450; baseline -0.012 -16"><span class='ocrx_word' id='word_1_248' title='bbox 221 4371 369 4434; x_wconf 89' lang='lat' dir='ltr'>insidiosa</span> <span class='ocrx_word' id='word_1_249' title='bbox 388 4378 470 4450; x_wconf 85' lang='lat' dir='ltr'>patet</span> <span class='ocrx_word' id='word_1_250' title='bbox 492 4368 620 4434; x_wconf 75' lang='lat' dir='ltr'>debilem</span> <span class='ocrx_word' id='word_1_251' title='bbox 640 4368 710 4430; x_wconf 83' lang='lat' dir='ltr'>huie</span> <span class='ocrx_word' id='word_1_252' title='bbox 731 4365 941 4447; x_wconf 88' lang='lat' dir='ltr'>praebentibus</span> <span class='ocrx_word' id='word_1_253' title='bbox 964 4383 1075 4426; x_wconf 84' lang='lat' dir='ltr'>aurem.</span> 
     </span>
    </p>

    <p class='ocr_par' dir='ltr' id='par_1_14' title="bbox 263 4473 1208 4562">
     <span class='ocr_line' id='line_1_37' title="bbox 263 4473 1208 4562; baseline -0.012 -18"><span class='ocrx_word' id='word_1_254' title='bbox 263 4482 390 4562; x_wconf 85' lang='lat' dir='ltr'>Corpus,</span> <span class='ocrx_word' id='word_1_255' title='bbox 414 4498 473 4560; x_wconf 91' lang='lat' dir='ltr'>quo</span> <span class='ocrx_word' id='word_1_256' title='bbox 495 4478 617 4560; x_wconf 79' lang='lat' dir='ltr'>expulsa</span> <span class='ocrx_word' id='word_1_257' title='bbox 640 4485 693 4552; x_wconf 81' lang='lat' dir='ltr'>est.</span> <span class='ocrx_word' id='word_1_258' title='bbox 716 4496 801 4540; x_wconf 88' lang='lat' dir='ltr'>saera</span> <span class='ocrx_word' id='word_1_259' title='bbox 822 4484 878 4539; x_wconf 86' lang='lat' dir='ltr'>stat</span> <span class='ocrx_word' id='word_1_260' title='bbox 899 4475 1026 4546; x_wconf 82' lang='lat' dir='ltr'>insede</span> <span class='ocrx_word' id='word_1_261' title='bbox 1046 4473 1171 4554; x_wconf 80' lang='lat' dir='ltr'>Papiae3</span> <span class='ocrx_word' id='word_1_262' title='bbox 1205 4502 1208 4511; x_wconf 94' lang='lat'>·</span> 
     </span>
    </p>
   </div>
   <div class='ocr_carea' id='block_1_4' title="bbox 0 0 1622 5396">
    <p class='ocr_par' dir='ltr' id='par_1_15' title="bbox 0 0 1622 5396">
     <span class='ocr_line' id='line_1_38' title="bbox 0 0 1622 5396; baseline 0 0"><span class='ocrx_word' id='word_1_263' title='bbox 0 0 1622 5396; x_wconf 95' lang='lat' dir='ltr'> </span> 
     </span>
    </p>
   </div>
  </div>
 </body>
</html>
