3362 5414
192 1993 237 2075 et,
260 2008 324 2082 qua
351 2009 387 2057 es
414 1984 540 2080 ingenii
567 1985 745 2081 sagacitate
770 2010 946 2083 rerumque
965 1985 1183 2058 humanarum
1199 1999 1232 2060 et
1250 1987 1433 2058 divinarum

192 2101 422 2198 intelligentia,
444 2101 645 2177 doctissimis
673 2104 866 2176 excursibus
893 2105 1067 2195 enodasse,
1093 2103 1168 2199 quis
1194 2114 1255 2197 est,
1283 2105 1338 2201 qui
1365 2129 1432 2176 nou

191 2221 361 2313 cognitum
387 2219 506 2293 babeat
532 2246 569 2293 ec
596 2232 688 2317 grato
717 2245 796 2317 erga
823 2221 868 2294 Te
895 2221 1005 2294 animo
1033 2222 1213 2317 agnoscatl

291 2337 384 2411 Hanc
410 2339 531 2434 igitur,
559 2340 600 2442 de
628 2364 692 2438 qua
719 2351 888 2437 tantopere
914 2339 1084 2432 meruisti,
1117 2339 1233 2412 Dentis
1259 2339 1431 2445 dlliglrerii

190 2455 344 2529 Divinam
378 2457 601 2550 comoediam,
629 2468 662 2530 et
688 2483 759 2530 eam
793 2483 893 2551 nova,
929 2484 993 2556 qua
1027 2457 1208 2531 faciliorem
1243 2459 1282 2530 ad
1317 2468 1431 2531 coetus
1541 2469 1546 2478 ’

189 2573 335 2647 virorum
365 2568 575 2674 φιλολόγων
605 2575 815 2648 nanciscatur
840 2576 983 2669 editum,
1013 2588 1102 2650 veste
1126 2576 1293 2668 indutam,
1328 2577 1430 2670 omni,

189 2718 255 2790 qua
276 2718 336 2790 par
361 2704 431 2784 cst,
463 2695 647 2766 reverentia
669 2694 742 2768 Tibi
767 2695 869 2766 offero
901 2704 934 2765 et
955 2695 1076 2767 tutelae
1101 2695 1190 2768 Tuae
1218 2694 1431 2767 vehementer

86 2807 89 2814 ’
189 2811 287 2884 etiam
315 2823 411 2910 etque
438 2813 537 2884 etiam
564 2813 770 2886 commendo.
829 2811 939 2885 Vestis
965 2812 1022 2885 illa'
1045 2837 1127 2884 nova
1154 2817 1287 2906 (novam
1313 2837 1430 2885 vocare

188 2929 286 3004 liceat
313 2955 386 3004 cum
413 2941 582 3030 tempore,
616 2942 686 3004 tum
711 2931 915 3029 perfectione
944 2941 977 3004 et
1002 2930 1225 3026 absolutione)
1253 2943 1304 3004 est
1329 2932 1429 3004 iuter·

188 3049 347 3148 pretatio',
380 3050 529 3122 versibus
563 3049 762 3122 hexametris
787 3049 915 3122 Latinis
948 3049 989 3122 ab
1022 3049 1147 3122 Abbotc
1177 3049 1268 3122 dallo
1292 3049 1428 3138 Piozzo,

188 3167 245 3264 qui
272 3168 445 3241 Prolessor
465 3167 633 3242 Vicentiae
660 3169 753 3262 obiit,
781 3168 1033 3265 diligentissime
1061 3168 1222 3261 conlecta,
1250 3166 1294 3238 ita
1321 3169 1429 3240 utrix

188 3309 228 3357 ec
253 3310 294 3357 ue
320 3285 373 3358 vix
400 3287 533 3384 quidem
558 3286 674 3359 durius
702 3288 866 3384 quoddam
893 3288 934 3359 de
956 3311 1040 3359 novo
1058 3286 1122 3358 boc
1137 3298 1254 3358 conatu
1266 3286 1427 3381 judicium

188 3404 230 3475 ab
258 3403 323 3476 ullo
350 3429 453 3501 aequo
480 3405 651 3502 periteque
677 3405 794 3476 barum
820 3429 932 3477 rerum
965 3404 1088 3477 arbitro
1115 3404 1296 3499 exspectari
1322 3402 1427 3476 liceat.

290 3521 361 3594 lam
386 3522 488 3594 voluit
514 3523 676 3620 interpres
703 3521 785 3619 ipse,
812 3534 849 3595 ut
875 3547 969 3618 opus,
996 3522 1030 3592 in
1046 3547 1110 3620 quo
1129 3521 1222 3620 quasi
1236 3521 1427 3595 tabernacu-

187 3642 258 3714 lum
283 3640 367 3714 ritae
394 3665 473 3713 suae
500 3641 734 3733 collocaverat,
761 3641 845 3737 typis
872 3639 1116 3714 describeretur
1141 3650 1174 3713 et
1194 3640 1317 3739 publici
1339 3639 1427 3737 juris

187 3759 284 3832 [ieret
307 3761 342 3830 iu
358 3759 513 3853 Saxouia,
541 3759 598 3832 ubi
624 3784 699 3832 rura
724 3760 910 3856 principum
937 3758 1114 3832 liberalitas
1141 3760 1274 3832 tutelam
1301 3784 1426 3832 merce-

80 3879 82 3884 ’
187 3886 282 3950 turae
317 3877 486 3950 literarum
520 3878 628 3950 adhuc
662 3878 813 3972 gesserit.
883 3877 1135 3950 Consentientes
1169 3878 1284 3951 habuit
1317 3879 1352 3950 in
1385 3903 1424 3950 eo

189 3995 367 4069 familiares
394 4007 428 4068 ct
454 3997 597 4090 amicos,
634 4021 775 4092 quorum
807 4000 841 4066 in
874 3995 981 4068 virum
1014 3995 1079 4068 vita
1105 3997 1296 4070 defunctum
1321 3997 1424 4092 pietas

186 4114 347 4212 Lipsiam,
375 4123 529 4212 tanquam
555 4115 740 4212 emporium
763 4113 1015 4210 bibliopolarum
1040 4114 1139 4210 longe
1161 4114 1423 4207 celeberrimum,

186 4234 245 4307 ubi
271 4244 522 4306 monumentum
549 4233 650 4306 studii
677 4231 908 4330 gloriosissimi
934 4234 975 4304 ad
1001 4234 1194 4305 memoriam
1220 4235 1423 4306 aeternitatis

186 4362 424 4444 exstrueretur,
453 4353 553 4448 elegit
578 4361 675 4448 atque
703 4350 895 4445 designavit.

287 4469 516 4544 indefectam
543 4478 604 4562 est,
631 4469 791 4542 Pemcers
818 4469 1057 4562 serenissime,
1082 4478 1119 4543 ut
1144 4468 1225 4542 milri
1252 4495 1331 4543 cura
1355 4470 1424 4543 edi·

185 4587 310 4661 tionem
335 4588 473 4663 Divinae
500 4589 697 4664 Comoediae
723 4612 742 4661 a
767 4587 892 4661 Piozzo
916 4586 1033 4662 Latine
1057 4588 1218 4662 redditam
1243 4589 1425 4664 adornandi
