3236 5394
587 581 780 634 rurnnuonuu
798 583 875 634 surr.
1252 585 1292 648 07

233 798 353 860 Summa
374 799 402 860 ri
424 799 533 861 nitens.
576 799 665 874 Dein,
689 801 769 881 qnod
790 817 850 862 uon
871 799 985 863 viderat
1005 811 1082 876 ante,

165 916 214 968 115
232 907 318 970 Visus
341 909 383 970 ibi
406 909 514 982 sensit,
537 927 594 970 nos
615 909 691 983 labi,
714 921 744 972 et
764 927 819 990 per
839 910 915 970 mala
937 910 1028 974 multa

232 1016 326 1097 Atque
348 1035 384 1079 ea
405 1017 521 1080 diversa
544 1017 639 1097 magis
662 1019 848 1081 adventantis
870 1027 955 1099 parte

232 1125 406 1206 circumagi.
449 1127 486 1190 Ut
508 1128 602 1200 lalco,
624 1135 783 1208 postquam
804 1128 930 1191 libratus
950 1130 982 1190 in
1004 1129 1065 1190 alas

174 1295 178 1312 ,
230 1235 359 1309 Erravit,
381 1253 478 1317 neque
501 1255 599 1310 arem,
622 1238 788 1299 revocantis
810 1237 930 1316 signare
951 1245 1022 1299 nota

230 1344 428 1424 Vidit,·cogit
447 1345 552 1408 herum
575 1345 719 1410 clamare:
742 1347 807 1409 ileu
827 1345 952 1409 laberis!
976 1348 1034 1408 alto

165 1465 213 1515 tto
226 1453 390 1516 Descendit
409 1455 508 1517 lassus
530 1464 706 1538 centumque
726 1475 782 1538 per
803 1463 871 1519 adra
894 1475 979 1536 gyros

229 1562 350 1624 llolitur
368 1564 457 1639 levis,
481 1572 569 1646 atque
591 1565 683 1628 animi
705 1567 824 1629 tendam
845 1567 943 1647 impos
965 1565 1004 1628 ob
1026 1567 1101 1632 tram

229 1675 252 1732 Α
274 1672 396 1736 ductore
417 1675 522 1754 procul
544 1675 675 1737 considit
696 1683 726 1736 et
747 1675 879 1738 infremit
900 1691 983 1736 acer:

229 1779 279 1842 Sic
300 1801 356 1844 nos
378 1783 518 1864 deposuit
538 1801 635 1864 prope
656 1785 778 1846 lundum
801 1787 919 1846 Gnarus
941 1785 1023 1846 illum

226 1889 320 1971 Rupis
343 1892 379 1955 ad
402 1911 508 1956 exesae
529 1894 663 1967 radices,
686 1905 775 1973 atque
797 1893 838 1955 ibi
860 1903 985 1974 utroque

164 2007 210 2060 lto
227 1998 360 2062 Excusso
383 2003 491 2076 erasit,
515 2021 570 2064 cen
592 2004 702 2064 oborda
725 2003 815 2064 missa
839 2005 954 2082 sagitta.

696 2263 811 2344 xlltt.

269 2438 323 2500 Est
344 2438 443 2513 locus,
467 2439 676 2520 appellantque
698 2441 815 2502 malas
837 2441 916 2502 bunc
938 2440 1057 2502 nornine
1079 2441 1209 2523 bulgar

225 2548 342 2622 Manes,
365 2549 402 2610 de
424 2567 495 2610 saro
517 2555 617 2623 totus,
640 2551 789 2628 ferrugine
811 2550 942 2628 nigrans,

226 2657 315 2719 Orbis
337 2667 370 2719 ut
391 2666 438 2720 est
458 2658 557 2738 ripae,
580 2659 708 2740 spatium
732 2659 782 2739 qui
805 2659 995 2739 amplectitur
1014 2679 1112 2746 ompe.

224 2767 257 2828 ln
278 2767 377 2830 media
398 2785 522 2847 prorsus
545 2768 641 2848 campi
664 2769 792 2831 statione
812 2769 934 2848 maligni

192 2876 289 2938 astat
308 2877 431 2957 putens,
453 2877 625 2938 barathrum
648 2877 811 2959 qnilahris
833 2879 925 2958 cingit
946 2879 1033 2940 inane

221 2986 342 3060 Latum,
365 2987 509 3060 immane,
532 2987 639 3060 imum,
663 2988 747 3068 cujus
769 2988 939 3052 narrabitur
959 2989 1042 3061 ordo,
1131 3059 1135 3068 ¹

223 3093 353 3175 Tempus
375 3095 426 3158 ubi
448 3097 594 3158 &reniet
637 3095 754 3177 Reliqui
778 3115 848 3176 ergo
871 3095 950 3177 quod
972 3107 1071 3158 manet
1092 3098 1153 3174 agri

222 3204 317 3267 litam
338 3206 417 3267 inter
436 3205 532 3284 ripam
556 3214 585 3266 et
605 3206 748 3284 rigidam,
770 3213 951 3286 puteumque
969 3206 1118 3284 jacentem

222 3313 326 3392 blegne
349 3314 502 3376 intervallo
524 3314 692 3394 praecingit
713 3315 806 3376 forma
827 3315 963 3386 rotunda,

175 3433 206 3485 lo
220 3423 259 3485 Et
277 3443 333 3503 per
352 3423 428 3485 vaila
449 3425 552 3486 decem
574 3424 766 3503 distinguitur
787 3423 888 3486 infima
909 3423 1003 3486 vallis.

222 3533 319 3606 Sicut,
343 3533 393 3594 ubi
415 3551 517 3595 muros
540 3553 616 3614 opus
639 3542 685 3596 ast
706 3533 880 3607 defendere,
905 3551 962 3614 qna
984 3553 1017 3595 se

221 3641 357 3703 castellis
379 3643 503 3716 multae,
527 3651 557 3704 et
577 3644 686 3706 multae
708 3643 838 3724 undique
861 3642 1062 3708 circumfusae
1191 3727 1195 3736 ,

218 3751 329 3813 Fossae
351 3753 545 3832 protendunt,
569 3753 627 3815 stat
647 3771 717 3834 pars
739 3752 911 3816 circumflua
932 3761 1015 3815 tuta:

218 3859 269 3921 Sic
290 3879 351 3933 non
373 3861 549 3924 dissimilem
571 3864 740 3926 referebant
760 3863 811 3924 illa
833 3865 965 3940 liguram.

173 3978 203 4033 15
216 3970 313 4049 Atque
333 3978 366 4031 ut
385 3971 531 4051 ponticuli
554 3973 697 4053 cujusque
720 3993 735 4034 e
757 3973 860 4034 limine
882 3972 972 4034 turris
1076 4047 1081 4054 .

216 4079 374 4142 Externum
395 4080 543 4160 attingunt
563 4081 675 4162 ripam:
699 4099 733 4144 er
754 4082 905 4144 radicibus
927 4081 996 4144 imis

215 4188 309 4269 Rupis
331 4188 376 4250 sic
397 4189 515 4270 scopuli
535 4191 687 4270 progressi
708 4191 782 4253 ralla
804 4191 941 4255 recidunt

214 4297 253 4359 El
274 4299 372 4360 iussas
394 4300 548 4380 usquead
570 4309 705 4380 puteum,
728 4302 786 4362 laos
807 4300 857 4381 qui
880 4301 1050 4374 obtruncat,
1074 4311 1103 4361 et
1124 4319 1182 4362 una

215 4407 344 4486 Colligit.
369 4441 409 4452 —
431 4409 501 4484 llic,
525 4411 575 4472 ubi
597 4427 653 4472 nos
675 4411 807 4473 excussit
826 4409 925 4472 bellua
946 4410 1045 4482 dorso,

165 4531 198 4584 uo
213 4516 399 4580 Restitimus.
443 4518 530 4580 Vates
552 4517 664 4582 iaevam
685 4519 772 4598 legit,
794 4500 860 4600 ipse
881 4519 1029 4600 sequebar

1136 4619 1174 4672 ς*
