3214 5400
610 486 792 538 runcatoris
809 487 859 538 ΙΙΙΙ.

230 703 370 778 Cenatus,
395 702 534 782 gradibus
555 703 665 784 positis
687 724 747 784 quo
769 713 902 786 tempere
924 725 1028 770 norma

180 824 213 879 td
229 815 395 887 Mensurae,
418 820 449 874 et
470 814 564 874 codex
586 814 678 876 erat
669 833 700 876 ιιι
722 822 801 890 tut03
823 815 903 877 baud
926 835 1013 878 secus
1033 818 1090 878 iste

227 924 303 1004 Ripa
324 921 503 996 remittebat,
525 922 612 984 male
627 941 701 1002 quae
723 941 812 1004 aspra
833 925 893 986 buc
915 924 1026 987 decidit
1048 925 1120 988 erbe

228 1033 271 1096 Ex
292 1033 367 1108 ali03
390 1043 421 1095 at
442 1032 504 1094 sani
524 1032 596 1094 binc
617 1032 699 1095 illine
720 1032 811 1096 latera
833 1035 925 1096 ardua
946 1036 1033 1098 radit.
1233 491 1578 1416 maj

269 1144 344 1205 llum
366 1160 422 1203 nes
443 1142 503 1204 bue
524 1142 603 1204 versi
624 1160 821 1222 properamus
843 1144 988 1208 scandere
1010 1145 1040 1206 in
1063 1146 1154 1220 illum,

227 1253 293 1314 Hoc
312 1252 421 1314 multae
441 1269 530 1314 voees
554 1269 674 1314 carmen
696 1253 845 1315 cecinere:
868 1253 956 1316 Beate·

164 1370 210 1423 loc
230 1361 293 1434 Ter,
316 1363 421 1443 quibus
446 1362 593 1424 bnmnnue
616 1373 678 1424 stat
695 1377 817 1442 pauper
838 1365 968 1443 spiritus
990 1383 1093 1435 curce,

225 1471 394 1534 Dulcisunis
416 1470 490 1533 adeo
513 1471 654 1543 numeris,
677 1479 710 1532 ut
732 1470 833 1534 dicere
855 1489 916 1534 nen
938 1474 986 1536 sit.
1018 1521 1021 1528 .

268 1580 313 1643 Oh
336 1599 425 1660 quam
448 1581 598 1642 Tartareis
620 1581 740 1642 differre
761 1601 779 1644 e
801 1581 935 1644 saucibus
957 1583 1030 1646 isles

224 1689 372 1752 Vidimus!
394 1690 461 1753 Huc
482 1690 593 1752 etenim
613 1708 669 1770 per
691 1698 796 1753 cantus
818 1691 886 1765 itur,
909 1700 938 1756 at
959 1693 1030 1754 illue

223 1801 281 1864 Per
302 1817 453 1879 uunquam
474 1799 593 1862 audites
616 1808 740 1879 questus
762 1801 959 1881 fremitusque
984 1803 1099 1864 iereces

161 1920 206 1974 105
220 1911 286 1972 Jem
308 1916 429 1972 sanctes
451 1927 596 1988 superare
618 1909 728 1988 gradus
750 1928 806 1972 nos
829 1911 918 1973 ardur
939 1912 1053 1991 agebat,

221 2019 258 2081 Et
277 2019 352 2080 mibi
373 2019 442 2098 plue
464 2019 556 2080 multe
579 2018 674 2081 leuior
695 2019 816 2099 prodire
837 2020 970 2095 videbar,

223 2129 319 2202 Quam
339 2129 424 2208 prius
446 2127 478 2190 in
499 2128 600 2208 planu.
645 2129 761 2203 Quare:
784 2129 847 2204 Die,
870 2149 992 2210 quaese,
1014 2130 1165 2209 magister,

221 2239 285 2300 Tali
307 2257 381 2300 vcce
402 2257 493 2317 r0g0;
516 2253 646 2318 quonam
667 2238 802 2317 graviore
823 2238 951 2301 levatum

219 2348 356 2411 Pendere
378 2367 427 2410 me
449 2345 579 2410 censes?
600 2348 675 2411 Nam
696 2361 765 2427 pare
789 2349 874 2428 quasi
894 2348 976 2410 nulla
996 2348 1121 2412 laberis.

158 2470 202 2522 ΙΙΙ
216 2459 282 2521 Jam
304 2458 377 2520 mibi
400 2458 534 2530 senblur,
557 2458 685 2537 pedibus
708 2458 911 2522 conscendere
933 2460 1041 2522 eventi.
1061 2487 1103 2504 υ-

218 2569 292 2631 Cum
314 2568 368 2630 ubi
387 2567 416 2628 P
435 2566 552 2646 reliqui,
575 2567 667 2646 positi
689 2569 792 2648 quiin
814 2568 911 2632 fronte
933 2567 1079 2647 leguntur,

217 2678 304 2740 Nunc
325 2677 415 2738 etiam
436 2693 531 2756 paene
554 2677 701 2752 exstincti,
723 2678 804 2740 reim
824 2697 902 2758 unus
925 2678 1090 2759 ademptus,

216 2787 325 2850 Abresi
346 2787 466 2867 penitus
488 2785 608 2860 luerint,
631 2795 701 2848 tunc
722 2795 847 2868 utraque
868 2787 976 2868 planu,
1013 2853 1019 2866 ,
1334 2779 1337 2900 j

217 2897 332 2978 Sponte
353 2896 447 2960 levate
469 2915 532 2969 sua,
555 2897 748 2975 usqueadeo
771 2897 970 2976 superabitur,
993 2899 1096 2978 inquit,

154 3012 199 3066 115
216 3006 254 3068 Ut
276 3005 316 3068 sit
336 3006 451 3080 nitenti,
474 3005 606 3068 nedum
629 3023 723 3084 prave,
747 3006 842 3080 dulce,
866 3008 998 3070 fusurum

216 3115 333 3196 impelli
355 3135 484 3178 sursum.
526 3114 623 3179 Veluti
646 3116 697 3195 qui
718 3123 819 3196 portat
838 3116 870 3177 in
892 3135 945 3178 cre

217 3225 308 3302 Signa
330 3244 385 3286 suo
407 3225 591 3306 imprudens,
614 3226 674 3288 nisi
696 3225 723 3287 si
745 3226 825 3305 quod
847 3225 981 3304 suspicet
1001 3226 1070 3304 ipsi,

214 3336 327 3397 Aderat
349 3335 471 3397 alterius
484 3342 592 3408 nutus,
615 3352 744 3414 namque
765 3335 859 3397 utitur
878 3342 947 3414 apte

216 3445 302 3506 Tunc
320 3463 428 3506 menus
451 3444 571 3518 auxilie,
595 3445 768 3524 quaeritque
790 3451 878 3524 atque
900 3444 1019 3518 invenit,
1042 3445 1100 3506 iste

152 3563 198 3616 120
216 3555 324 3617 Officio
347 3555 483 3632 fungens,
507 3554 588 3633 quod
610 3555 674 3616 visu
696 3553 851 3617 absolvere
872 3571 934 3616 non
956 3563 1018 3629 est;

214 3665 266 3727 Sic
288 3664 398 3741 digitos
421 3664 540 3726 dextrae
562 3663 676 3726 intendi
698 3665 828 3726 frontem
848 3663 980 3744 undique
1003 3664 1124 3738 circum,

213 3773 376 3856 invenique
398 3780 484 3836 nctus
506 3791 605 3848 senas,
629 3793 702 3854 quas
723 3780 859 3854 tempera
885 3791 976 3854 supra

214 3883 351 3946 Clavibus
373 3892 503 3947 armatus
524 3883 598 3946 mibi
619 3884 750 3964 primum
772 3884 917 3946 inciderat
938 3883 1016 3958 ales3

214 3992 301 4067 Quod
325 4010 392 4058 cnm
414 3993 546 4068 vidisset,
570 3993 695 4057 subrisit
717 3994 803 4057 dulce
824 3991 973 4072 magister.
