3362 5414
301 611 303 618 ·
647 578 843 634 rumnuonuu
859 581 907 633 ur.
1299 581 1340 646 27
1392 537 1396 687 q

274 803 368 867 Tanta
390 803 522 883 magisve
545 804 695 883 frequens.
737 803 852 882 linguis
874 803 1035 868 ululatibus
1058 807 1111 882 illi,

221 924 255 976 25
271 914 349 977 Hinc
371 915 441 976 inde
463 913 565 975 obnixi
587 912 739 974 volventes
762 922 884 992 pectore
905 914 1010 988 moles,

273 1025 347 1087 Sese
369 1023 534 1086 caedebant
555 1022 687 1096 adversi,
710 1030 800 1102 atque
822 1024 881 1085 hnc
902 1023 954 1086 ubi
974 1032 1096 1087 ventum
1116 1034 1172 1098 est,

273 1134 408 1215 Quisque
430 1134 537 1214 pedem
559 1133 695 1196 referens
718 1132 866 1194 clamabat
886 1141 1010 1213 pectore
1032 1142 1116 1196 toto:

274 1244 372 1317 Quare
394 1251 478 1323 parta
501 1238 611 1306 tenes?
634 1241 734 1315 Quare
756 1249 788 1304 tu
807 1240 957 1323 projicis?
979 1251 1009 1305 et
1030 1243 1075 1306 sio

271 1353 407 1434 Undique
430 1353 660 1434 ad'oppositam
680 1361 797 1432 partem
819 1371 852 1414 se
876 1351 1002 1433 quisque
1024 1353 1140 1416 ferebat

220 1470 255 1522 3ο
272 1464 394 1526 Tetmm
416 1463 519 1526 orbem
541 1469 697 1542 repetens,
720 1461 811 1523 solito
834 1470 865 1524 et
886 1462 1020 1524 convicia
1042 1481 1130 1525 versu

271 1573 471 1652 Ingeminans.
514 1573 551 1634 dt
573 1572 624 1634 ubi
646 1571 778 1633 medinm
801 1572 972 1635 coniecerat
993 1574 1097 1636 orbem

271 1683 386 1756 Altera,
410 1699 573 1744 conversus
594 1681 757 1744 certamina
780 1680 858 1744 inire
880 1681 1014 1762 parabat.
1125 1701 1130 1712 ’
1229 1713 1232 1720 ·

314 1794 409 1872 Atque
432 1808 487 1870 ego
509 1791 667 1873 perculsus
690 1791 819 1871 quodam
842 1791 928 1872 quasi
950 1791 1071 1854 vulnere
1093 1801 1241 1856 mentem:

271 1903 469 1982 Praeceptor,
492 1901 567 1975 dixi,
589 1900 664 1962 mihi
686 1919 765 1962 nunc
787 1901 927 1974 ostende,
951 1901 1024 1981 quid
1046 1902 1126 1964 istud

220 2019 253 2074 35
272 2011 318 2074 Sit
339 2008 465 2091 gentis?
485 2030 562 2092 quos
584 2011 681 2074 nodus
704 2029 794 2092 apex,
819 2010 1005 2091 detonsaque
1027 2011 1058 2073 in
1081 2011 1185 2074 orbem

271 2121 398 2200 lusignit
420 2121 512 2195 cutis,
536 2140 613 2183 anne
634 2137 741 2182 omnes
763 2139 799 2182 ex
820 2118 927 2182 ordine
949 2138 1036 2182 sacro

271 2231 310 2293 Hi
331 2228 432 2293 laevi?
452 2232 528 2294 llum
547 2229 609 2298 ¹rita
632 2229 702 2305 luit,
726 2238 894 2291 transversa
916 2237 1035 2292 urentes

271 2340 334 2401 llos
356 2341 434 2402 mala
455 2359 541 2402 mens
563 2339 668 2420 rapuit
690 2347 835 2411 cunctos,
859 2338 1018 2419 dispendio
1039 2359 1167 2421 quorum

271 2449 356 2512 Haud
378 2469 487 2512 novere
508 2451 646 2524 modum,
669 2449 759 2525 dixit3
782 2450 863 2530 quod
885 2449 1017 2512 carmine
1040 2450 1121 2512 cloro

219 2572 255 2625 to
271 2560 337 2622 Vita
358 2567 461 2634 sonat,
484 2579 551 2622 cnm
573 2567 684 2641 puncta
707 2560 766 2621 duo
791 2558 913 2638 tetigere
936 2559 1083 2638 nigrantis

272 2670 377 2745 Orbis,
398 2669 451 2732 ubi
472 2669 619 2751 disjungit
639 2688 693 2732 eos
715 2669 865 2732 contraria
887 2669 984 2749 culpa.

272 2779 365 2853 Queis
388 2780 481 2842 nudat
501 2788 625 2843 tonsura
647 2787 752 2860 caput,
773 2779 819 2852 hi,
843 2778 912 2842 dum
935 2779 1013 2842 alrna
1033 2779 1175 2844 manebat

270 2889 352 2964 Vita,
376 2890 550 2952 sacerdotes
571 2891 704 2963 luerunt,
729 2898 759 2952 et
781 2889 903 2952 sardine
925 2889 958 2952 i‘n
979 2889 1040 2951 alto

269 2999 429 3078 Fulgentes
452 3009 533 3060 astro
555 3006 673 3078 patres,
694 2999 852 3080 primaque
875 2999 959 3074 tiara,

220 3117 253 3171 45
271 3109 306 3170 ln
327 3108 436 3188 quibus
458 3117 505 3170 cst
526 3109 688 3170 bacchatus
710 3128 796 3172 amor
818 3128 946 3172 vesanus
967 3109 1107 3170 habendi.

271 3205 385 3280 Rursus
408 3235 478 3298 ego:
500 3218 563 3280 llos
586 3218 665 3280 inter
685 3227 785 3282 tamen
809 3219 934 3281 etmihi
958 3237 1049 3281 nosse
1070 3218 1174 3280 licebit

272 3328 442 3402 Quosdam,
466 3327 517 3408 qui
539 3328 660 3390 luerunt
680 3327 826 3390 immundi
847 3328 904 3389 hae
925 3327 993 3389 labe
1014 3327 1170 3389 malorum.

272 3438 301 3500 ls
323 3437 414 3500 mihi:
436 3438 517 3499 Vana
541 3445 592 3499 tuo
614 3437 818 3518 nequidquam
839 3443 961 3516 pectore
983 3436 1087 3498 rolris.

274 3548 357 3621 Quae
379 3548 509 3629 turpavit
530 3566 599 3621 eos,
621 3547 699 3609 male
722 3546 858 3625 cognita,
882 3545 1004 3608 sordido
1024 3545 1085 3608 rito

221 3661 256 3714 55
272 3658 399 3720 Omnem
421 3657 559 3720 notitiam
582 3657 705 3718 involvit
726 3657 856 3735 caligine
875 3675 977 3720 ooeoa.

270 3768 431 3830 Aeternum
454 3767 593 3848 opposita
615 3767 675 3829 duo
697 3767 812 3847 proelia
834 3767 932 3830 fronte
955 3766 1084 3829 ciebunt.

270 3878 333 3938 llos
354 3877 452 3958 palma
474 3877 602 3940 adducto
624 3878 745 3939 mmulis
769 3877 850 3940 exire
871 3876 997 3951 ridebis,

202 4027 209 4040 ·
270 3987 333 4052 Hos
355 3995 472 4049 tonsos.
514 3988 591 4051 llale
614 3994 698 4048 sueta
722 3987 809 4060 dare,
832 3999 862 4048 et
882 3987 961 4050 male
982 3994 1067 4048 sueta
1089 3994 1192 4050 tenere

269 4095 396 4159 llextera
418 4116 471 4158 eos
492 4097 609 4178 pulchri
633 4097 780 4158 fraudavit
799 4097 912 4158 lumine
933 4096 1045 4171 mnndi,

218 4213 253 4268 55
269 4206 352 4268 Misit
372 4214 403 4268 et
423 4206 454 4268 in
477 4209 566 4270 talem
588 4208 713 4270 luctam:
738 4225 814 4286 qnae
835 4214 1006 4288 quantaque
1027 4207 1143 4286 gliscat,

269 4315 354 4378 Nunc
376 4335 473 4398 neque
495 4335 551 4396 ego
574 4317 702 4390 cinctis,
726 4335 824 4397 neque
845 4316 947 4378 mudtis
968 4316 1105 4379 versibus
1127 4317 1223 4382 edam.

268 4425 341 4499 Fili,
364 4445 456 4490 nosse
477 4427 597 4489 brevem
620 4445 709 4508 quam
730 4425 836 4488 ludant
857 4428 931 4489 haee
953 4425 1032 4489 bona
1054 4427 1156 4490 ludum

268 4536 418 4598 Formnae
440 4537 602 4602 commissa
622 4545 724 4618 potes,
748 4537 886 4600 mortalia
909 4545 991 4601 tanto
