3362 5414
714 529 885 582 ratsrtrto.

335 713 441 776 Omnia
463 713 539 778 lacta
559 715 618 794 pie,
640 729 759 794 semper
780 721 869 784 casta,
892 731 986 794 aequa
1007 714 1151 790 voluntas,

334 813 440 890 Quoad
460 814 537 878 ratio
559 814 704 878 humanae
725 814 823 896 potuit
843 813 1013 894 pertingere
1033 818 1152 892 mentis,

285 989 289 1002 ,
332 915 398 977 Non
422 917 491 977 lacti
510 923 561 977 ant
579 914 663 978 uerbi
685 914 843 977 maculavit
864 914 988 976 crimine
1008 917 1114 978 vitam:

334 1011 466 1089 Occidit,¹
482 1014 563 1077 baud
584 1015 662 1078 saori
684 1014 801 1077 ablutus
822 1006 1016 1095 baptismatis
1031 1019 1120 1092 unda,

331 1115 451 1196 Absque
473 1115 549 1191 fide3
571 1115 645 1178 heu!
667 1115 718 1177 nbi
735 1114 850 1196 justitia
873 1125 927 1189 est,
951 1135 1026 1197 qnae
1049 1119 1170 1180 damnet
1191 1118 1342 1182 eundem?

331 1218 389 1282 Aut
410 1217 462 1278 ubi
484 1216 691 1298 culpabiles,
713 1216 740 1278 si
761 1218 858 1279 nescit
879 1217 1003 1280 credere
1025 1217 1168 1280 Christo?

330 1317 443 1398 linquis
465 1336 509 1390 ss,
531 1318 564 1380 in
584 1318 724 1382 catlrodra
743 1318 796 1398 'qui
817 1319 861 1380 ris
884 1319 1041 1382 considera
1060 1318 1161 1400 judex,

331 1419 369 1482 Ut
389 1435 453 1500 rem
475 1418 617 1482 discutias
638 1420 770 1500 positam
789 1419 866 1482 ultra
886 1419 981 1482 millia
1002 1405 1130 1496 centum,

330 1520 384 1592 ¹llix
404 1531 491 1602 aptus
512 1514 611 1586 metiri
632 1520 720 1584 oculo
743 1521 872 1602 spatium
892 1520 982 1584 unius
1003 1520 1116 1588 ulnae?
1132 1551 1174 1568 -

281 1671 432 1756 Quocum
464 1671 537 1742 loco
573 1681 705 1768 praeter
737 1681 911 1744 sexcentos
945 1669 1028 1744 alios
1054 1672 1229 1746 sententiis
1255 1673 1416 1748 dicteriis·

176 1815 244 1889 que
266 1791 365 1886 longe
389 1789 690 1886 praestantissimos
713 1789 857 1862 conferri
887 1799 1034 1862 meretur
1047 1791 1140 1863 ‹alt'er
1164 1789 1280 1864 Parad.
1303 1792 1417 1887 Xlllll,

177 1911 255 1984 loo
270 1933 361 2006 seqrp
414 1907 463 1980 lbi
485 1918 578 2004 poeta
593 1931 662 2000 eos,
690 1907 755 2004 qui.
766 1907 871 2002 ipsius
890 1915 1038 2004 tempore
1056 1909 1091 1981 in
1107 1909 1245 1982 eeclesia
1260 1909 1417 1986 catholica

178 2051 317 2100 munere
344 2026 576 2123 Apostolorum
603 2024 758 2118 seiungi
785 2023 1021 2120 gloriabantur,
1049 2025 1098 2098 ira
1124 2027 1264 2124 quadam
1289 2029 1344 2126 pia
1370 2043 1418 2102 ot·

180 2170 244 2242 que
266 2143 356 2240 justa
382 2153 565 2216 commotus
588 2142 818 2216 inimicissimo
846 2143 943 2216 dente
970 2146 1075 2241 carpit
1092 2146 1125 2216 in
1145 2170 1325 2243 eorumque
1342 2171 1416 2243 per·

176 2287 305 2336 versam
331 2262 382 2334 nel
414 2261 524 2358 potius
556 2262 716 2335 nefariam
749 2283 804 2332 res
839 2260 965 2333 divinas
988 2264 1161 2336 ‘tractandi
1193 2273 1228 2336 et
1258 2267 1416 2362 populum
1451 2271 1457 2294 ⁸

176 2382 403 2456 Christianum
442 2378 641 2476 tmpissimis
674 2379 880 2475 ignorantiae
920 2381 1230 2480 superstitionisque
1262 2383 1416 2458 sordibus

173 2500 329 2588 consulto
367 2507 401 2572 at
440 2497 481 2570 de
520 2496 681 2572 industria
721 2495 899 2592 obtegendi
932 2498 1095 2574 rationem
1127 2501 1416 2600 vehementissime

174 2617 352 2691 invehitur.
403 2616 561 2711 Legimus
588 2614 676 2686 enim
702 2614 723 2686 l.
751 2639 796 2687 c.:
893 2647 896 2660 ·

370 2751 437 2812 Non
459 2750 532 2813 dixit
554 2749 689 2814 Christus
710 2748 825 2830 primis,
845 2749 1067 2828 quosioeders
1086 2751 1200 2834 junxit:

327 2853 370 2914 lte
393 2860 423 2913 et
443 2870 498 2931 per
518 2858 611 2917 totam
633 2869 726 2930 nugas
748 2849 904 2914 diffundite
925 2850 1049 2916 terram!

327 2955 365 3015 nt
386 2953 467 3014 dedit
488 2953 536 3017 bis
556 2971 644 3016 verax
666 2953 842 3025 fundanam
865 2961 895 3014 et
915 2951 988 3014 illud
1010 2953 1043 3016 in
1065 2973 1117 3022 ore
1252 3012 1255 3022 ,

327 3051 424 3116 Unum
446 3054 512 3135 ejus
533 3054 642 3125 sonuit,
665 3054 702 3114 de
725 3071 783 3132 quo
806 3052 864 3114 sihi
886 3061 1029 3132 scutaque
1051 3061 1082 3115 et
1102 3055 1203 3117 hastas

327 3153 366 3216 lli
389 3155 487 3217 iecere
509 3151 577 3228 sibi,
599 3153 710 3225 luctati,
733 3154 896 3216 accendere
918 3171 1023 3234 puram

326 3255 438 3320 Lucem
459 3255 622 3334 Evangelii.
665 3253 800 3316 Nostri
822 3255 968 3327 scurrilia,
991 3255 1076 3316 lusus

328 3357 501 3430 Verborum,
522 3356 600 3426 mule
622 3354 700 3418 salsa
722 3365 863 3435 crepant;
885 3363 916 3417 et
937 3356 1097 3418 dummodo
1118 3356 1270 3420 abundent
1359 3407 1362 3416 .

326 3457 425 3532 Risus,
448 3433 663 3532 inflaturtsola
684 3454 759 3518 haec
780 3465 828 3518 est
848 3460 931 3533 cura)
953 3455 1101 3522 cucullus..
1128 3517 1131 3526 ,

326 3558 380 3620 Ast
401 3559 431 3620 in
453 3557 575 3620 fasciola
598 3557 664 3622 talis
686 3556 775 3620 cubat
796 3557 869 3630 ales,
892 3565 934 3630 ut,
956 3556 1055 3638 ipsum

326 3660 359 3722 Si
380 3659 483 3737 vulgus
504 3658 610 3734 videat,
634 3658 780 3737 gauderes
802 3677 933 3733 cernere,
957 3658 1074 3746 qualem

325 3761 485 3840 Exspectat
504 3759 630 3833 veniam,
654 3759 738 3841 cujus
760 3759 868 3821 fiducia
890 3760 992 3822 crevit.

326 3860 372 3924 Ob
395 3881 481 3942 quam
504 3860 645 3923 stultitiae
666 3869 780 3924 tantum
801 3869 953 3940 grassatur
973 3860 1004 3922 in
1027 3860 1109 3933 orbe,

326 3963 364 4025 Ut
384 3963 449 4024 siue
471 3970 548 4026 testa
570 3962 631 4025 ullo
654 3962 775 4043 cupiant
796 3963 995 4044 quodcunque
1017 3961 1130 4040 pacisci

326 4063 521 4126 Promissum.
564 4066 659 4144 Atque
680 4063 748 4128 ideo
769 4083 895 4146 porcum
917 4063 1112 4144 pinguescere
1134 4064 1230 4125 sancti

325 4164 460 4228 Vidimus
481 4167 601 4239 Antoni,
623 4173 712 4245 atque
733 4165 808 4228 alios
829 4166 889 4226 hoc
910 4165 947 4225 de
969 4181 1067 4242 grege,
1089 4163 1191 4244 porcis

327 4266 461 4350 Pejores,
483 4267 589 4329 solitos
610 4263 671 4329 non
693 4286 782 4329 cusos
804 4266 936 4347 pendere
958 4283 1105 4326 nummos.
1188 4253 1193 4258 ’

272 4399 397 4474 Verum
424 4401 590 4474 enimvero
617 4425 693 4474 cum
726 4427 793 4474 non
825 4401 860 4474 id
887 4424 1043 4498 agamus,
1070 4410 1107 4472 ut
1132 4399 1318 4473 Dantem
1343 4424 1411 4477 non

171 4519 244 4594 suis
270 4518 385 4616 modo,
410 4543 494 4620 quos
518 4519 679 4595 maximae
703 4503 892 4622 temporum
919 4517 1060 4618 injuriae
1085 4517 1268 4614 vexabant,
1293 4542 1412 4617 aequa·

475 4623 482 4661 l
