3234 5396
369 535 432 600 258
466 581 468 590 .
798 479 1540 680 runcaroff——q

385 757 572 822 sepulchris
595 780 629 822 ex
651 758 803 832 membris,
827 775 902 837 quae
924 775 971 818 me
993 757 1151 829 inclusere,
1171 758 1333 838 iacentque

438 871 561 933 Condita
583 869 638 931 sub
660 878 748 931 terra.
793 867 879 940 Quod
902 865 928 928 si
951 874 980 928 te
1003 885 1116 928 summa
1139 867 1244 928 fefellit

437 981 530 1043 'i'anta
552 979 710 1059 voluptatis
733 977 845 1058 pariter
867 995 934 1038 curn
956 976 1060 1037 funere
1082 985 1194 1049 nostro,

438 1093 521 1164 Quae
542 1107 591 1151 res
612 1088 745 1150 mortalis
767 1086 820 1148 tibi
841 1086 901 1167 jem
925 1085 1087 1165 exoptanda
1111 1085 1242 1147 suisset?

435 1200 499 1262 Janr
523 1199 575 1260 tibi
598 1217 652 1278 par
674 1199 776 1268 tuerat,
799 1205 958 1276 postquam
979 1195 1058 1256 bona
1081 1195 1154 1256 salsa
1177 1196 1277 1275 priore

386 1311 420 1363 5⁰
437 1309 633 1371 Conciderant
654 1307 723 1380 telo,
746 1305 970 1367 consurrexisse
992 1305 1137 1385 sequique

436 1421 481 1482 Me
504 1437 583 1500 pono
604 1418 681 1479 baud
705 1417 791 1478 talem
813 1415 949 1496 posthac.
992 1415 1094 1494 Neque
1117 1415 1211 1475 torma
1233 1414 1359 1492 puellae,

436 1530 494 1591 Aut
516 1527 626 1608 aliquid
649 1525 716 1587 rani
738 1525 863 1586 minimo
887 1523 1030 1587 durabilis
1053 1543 1124 1586 aevo

437 1635 606 1700 Debuerant
626 1653 740 1716 pennus
762 1641 911 1696 tantorum
933 1634 1011 1695 mole
1032 1633 1166 1696 taborum
1272 1641 1279 1652 '

435 1747 626 1827 Depressisse
648 1744 709 1818 tibi,
731 1744 834 1825 plures
856 1750 889 1804 ut
910 1750 1018 1822 sponte
1039 1762 1177 1806 maneres

387 1865 420 1918 tt
437 1857 527 1918 lctus.
571 1855 634 1916 Hos
654 1855 715 1916 avis
737 1860 888 1932 exspectat
910 1871 984 1914 nora
1006 1860 1088 1913 terve
1111 1865 1267 1933 quaterve,

437 1968 473 2028 nt
496 1965 579 2046 queis
602 1962 764 2025 silvescunt
784 1962 911 2042 plumae,
934 1963 984 2041 qui
1006 1963 1082 2024 retia
1102 1964 1195 2042 ponit

402 2101 407 2111 ·
437 2077 494 2137 Aut
516 2091 617 2135 arcum
639 2072 766 2134 intendit
787 2091 896 2144 coram,
920 2071 1055 2134 discedet
1077 2073 1184 2134 inanis.

481 2183 601 2258 Quales,
625 2201 700 2262 quos
722 2183 835 2263 puduit,
858 2199 968 2261 pueros
990 2181 1069 2243 baud
1091 2183 1209 2264 hiscere
1232 2185 1400 2264 quidquam,

438 2294 607 2372 Debrisqne
630 2291 724 2353 oculis
746 2295 842 2352 tbrree
865 2291 1031 2353 auscultare
1052 2293 1196 2366 videmus,

388 2402 422 2456 ⁰⁰
440 2402 566 2466 Conscia
589 2402 639 2464 ubi
663 2402 730 2462 iacti
751 2419 836 2461 mens
858 2402 1042 2481 poenituisse
1066 2403 1178 2479 coegit:

438 2513 484 2574 bie
506 2531 625 2592 quoque
647 2511 773 2572 vidisses
795 2511 894 2571 tatem.
937 2511 1032 2590 Atque
1056 2530 1089 2572 ea
1112 2512 1220 2572 talibus
1242 2513 1322 2574 iniit:

439 2623 563 2695 Quando
587 2641 622 2683 ex
643 2620 751 2683 auditis
773 2637 899 2693 moeres,
923 2620 1046 2682 attollite
1068 2620 1199 2695 barbam,

438 2732 541 2811 Atque,
563 2731 615 2792 ubi
636 2730 788 2809 respicias,
811 2729 906 2809 major
926 2738 956 2791 te
978 2749 1074 2810 poena
1096 2739 1226 2811 peruret.

479 2841 573 2901 Vento
596 2839 731 2901 evellenti
753 2857 856 2900 cerrus
879 2840 1001 2900 robusta
1022 2841 1136 2902 resistit

388 2961 421 3013 et
438 2950 572 3028 Aegrius,
594 2950 645 3010 bic
665 2949 776 3010 nostris
799 2966 852 3012 seu
875 2948 1073 3011 debacchetur
1095 2951 1130 3012 ab
1154 2951 1224 3024 oris,

438 3060 506 3121 Sive
529 3079 545 3122 a
567 3057 699 3121 Gaetulis
721 3057 809 3136 agris,
833 3075 919 3137 quarn
943 3075 998 3135 ego
1016 3059 1121 3141 jussus
1143 3063 1173 3123 in
1197 3062 1287 3123 altum
1353 3079 1354 3084 ’

437 3168 623 3231 Sustulerarn
643 3175 794 3242 mentum3
818 3168 870 3229 sed
892 3168 942 3229 ubi
964 3188 1011 3230 nre
1032 3189 1159 3249 poscere
1181 3171 1291 3234 vultum

438 3279 496 3340 Per
516 3278 637 3339 barbam
659 3278 760 3349 roiuit,
785 3286 830 3340 sut
851 3278 929 3350 novi,
954 3279 1040 3358 quale
1062 3280 1168 3342 lateret

437 3388 523 3450 Virus
547 3387 576 3448 in
599 3388 657 3448 hoe
679 3388 767 3449 dicto.
811 3388 974 3468 Postquam
996 3389 1110 3452 sublata
1132 3393 1256 3469 figuram

387 3509 421 3561 tu
439 3497 582 3577 Expandit
603 3497 705 3570 iacies,
727 3497 927 3577 pulcherrima
947 3497 1034 3559 turbu
1055 3500 1204 3562 volantum

436 3608 501 3669 tarn
522 3607 595 3668 mibi
618 3607 771 3686 quaerenti
793 3626 861 3669 sese
882 3607 1026 3686 praebere
1047 3609 1204 3672 videndam

436 3717 563 3792 Destitit,
587 3725 617 3778 et
638 3729 741 3796 parum
763 3717 860 3778 adbuc
881 3725 943 3779 tuto
967 3726 1011 3778 est
1033 3719 1166 3798 inspecta
1186 3721 1319 3782 Bnarnrx

437 3817 531 3889 Ante
553 3826 650 3888 oculo.
673 3860 715 3872 -··
737 3826 788 3886 1113
810 3828 913 3900 teram,
935 3835 1038 3888 natura
1062 3828 1189 3908 duplice,
1213 3839 1246 3891 et·
1263 3849 1352 3893 unam

437 3936 529 4024 ι113333
550 3937 695 3998 tuebatur.
738 3935 822 3997 Nivei
843 3935 899 3998 sub
921 3936 1051 4014 tegmine
1072 3938 1139 4011 veli,

388 4048 421 4100 '15
439 4046 593 4125 Transque
615 4065 697 4106 oram
718 4045 851 4117 viridem,
875 4046 942 4126 plus
961 4066 994 4108 se
1016 4047 1111 4126 ipsanr
1133 4047 1253 4110 vincere
1274 4051 1400 4130 priscam

438 4156 506 4234 lpsa
527 4154 689 4228 videbatur,
713 4175 801 4235 quarn
822 4155 905 4228 alias,
929 4175 996 4218 cum
1018 4166 1080 4220 erat
1101 4158 1197 4219 incola
1220 4167 1329 4224 terrae,

481 4264 536 4325 Hic
559 4265 631 4324 mibi
653 4264 779 4344 subjecit
800 4265 935 4326 stimulos
957 4266 1001 4326 ris
1022 4275 1101 4328 tanta
1125 4268 1248 4343 doloris,

439 4373 484 4446 Ut,
509 4393 583 4452 quae
605 4381 778 4434 cunctarum
799 4392 898 4434 rerum
919 4393 967 4436 rue
988 4377 1114 4439 maxime
1136 4397 1236 4440 arnore

441 4482 548 4555 Torsit,
573 4493 744 4545 cunctarum
766 4483 845 4544 soret
864 4482 1044 4549 invisissima
1066 4505 1165 4548 rerum
