3282 5404
355 509 417 574 350
816 514 1024 566 summurn.

424 733 520 807 Quam
541 735 614 798 mibi
633 735 798 818 jucundum
820 734 912 796 luent
930 751 1037 814 parere
1057 739 1218 812 monstras

372 855 406 907 to
423 843 600 919 Coelicolae,
622 853 738 925 partem
759 861 828 906 cum
848 843 967 906 animus
987 842 1129 905 librasset
1149 851 1315 922 utramque.

422 953 503 1016 intre
525 954 703 1035 crystallum,
727 973 803 1034 quae
824 953 926 1016 mundi
950 951 1177 1016 circumitores

411 1063 514 1151 ¹Nacta
535 1064 619 1126 ducis
641 1081 751 1126 nomen
773 1063 843 1138 ceri,
866 1083 925 1144 quo
946 1079 1017 1141 rege
1034 1061 1155 1143 jacebat

422 1173 581 1253 Nequitias
603 1191 691 1238 omna
713 1192 817 1253 genus,
839 1173 920 1236 scale
941 1191 1031 1234 aurea
1053 1169 1132 1234 clare
1154 1171 1283 1235 micante

422 1283 493 1345 Sole
514 1283 586 1346 mihi
609 1283 673 1346 visa
694 1294 740 1346 est
762 1303 795 1346 se
817 1283 863 1346 sic
885 1282 1021 1346 attollere
1045 1282 1077 1344 in
1098 1281 1197 1354 altum,

238 1411 243 1424 ·
371 1395 404 1450 25
424 1393 459 1454 Ut
480 1411 541 1456 non
563 1394 640 1456 hanc
663 1393 749 1456 oculo
772 1411 959 1473 assequerer.
1004 1391 1098 1454 Simul
1120 1391 1187 1472 ipse
1206 1389 1345 1453 videbam

419 1503 479 1565 Per
500 1511 624 1566 cunctos
646 1506 740 1566 effusa
763 1503 873 1582 gradus
894 1511 941 1564 tot
960 1501 1055 1564 millis
1076 1501 1176 1564 lucum

419 1612 532 1686 Delabi,
556 1621 700 1688 eruerer,
723 1613 868 1694 quidquid
889 1611 1058 1692 splendoris
1080 1610 1113 1672 in
1134 1610 1236 1674 aethra
1257 1621 1312 1683 cst,

420 1721 512 1785 lstbie
533 1723 685 1786 diffusum.
727 1721 882 1786 devoluti
904 1721 960 1784 sub
981 1721 1049 1784 luce
1071 1719 1133 1784 diei

419 1832 519 1895 Prima
541 1832 677 1896 cornices
699 1833 798 1895 nativo
821 1851 905 1894 more
926 1838 1082 1894 morentur

370 1955 404 2010 ³⁰
420 1943 493 2016 Una,
515 1949 549 2005 ut
570 1942 728 2006 calfaciunt
750 1951 905 2023 torpentes
927 1941 1040 2020 frigore
1061 1939 1194 2021 plumas:

417 2051 533 2116 Deinde
554 2051 629 2114 aliae
651 2052 825 2126 abscedunt,
848 2067 904 2114 nec
924 2051 1020 2131 tangit
1040 2069 1111 2112 cura
1131 2065 1297 2126 regressus,

420 2161 544 2242 Quaque
566 2161 676 2237 abiere,
699 2163 775 2225 aliae
797 2162 933 2236 redeunt,
956 2179 1083 2240 seseque
1105 2167 1238 2223 rotantes

420 2271 595 2334 Consistunt
616 2272 709 2348 aliae;
730 2271 799 2334 talis
820 2270 1032 2353 splendoribus
1055 2288 1123 2332 esse

419 2380 490 2444 Visa
511 2382 584 2444 mibi
606 2391 653 2444 est
672 2381 733 2444 illis
754 2382 847 2457 rati03
869 2399 998 2462 namque
1019 2379 1152 2460 undique
1173 2377 1273 2442 cuncti

370 2498 403 2554 tt
419 2491 572 2554 Advenere
594 2491 692 2567 simrd,
714 2492 812 2555 donec
832 2491 956 2570 tetigere
978 2497 1114 2578 paratum

421 2601 585 2681 Unicuique
606 2602 737 2680 madum,
760 2601 861 2682 etqui
884 2601 1037 2682 proximus
1059 2597 1174 2662 adstitit
1193 2595 1281 2676 ignis,

419 2711 520 2790 Usque
541 2710 616 2773 adeo
639 2712 723 2774 lulsit
743 2711 831 2786 clare,
852 2719 887 2773 ut
907 2711 964 2773 sim
986 2711 1077 2774 corde
1098 2710 1230 2772 locutus:

420 2820 516 2894 Quem
538 2819 611 2882 mihi
631 2829 816 2901 praeportas,
839 2821 926 2884 focile
948 2829 995 2884 est
1016 2837 1198 2898 cognoscere
1220 2835 1362 2882 amorem.

418 2931 474 2992 dst
493 2929 553 3004 illa,
576 2930 655 2992 unde
676 2931 750 2992 mihi
772 2939 950 3011 tempusque
971 2930 1153 3010 modumque
1173 2927 1332 2991 manebam

368 3047 403 3102 to
420 3039 555 3102 Scitandi
575 3057 611 3102 ac
631 3040 763 3102 studium
784 3040 898 3121 pariter
919 3059 987 3104 com
1007 3058 1081 3102 voce
1102 3038 1267 3119 premendi,

420 3151 501 3224 Statr
522 3169 579 3212 nec
599 3150 767 3213 consultum
788 3150 866 3212 male
888 3150 947 3213 erit
966 3150 1051 3223 mihi,
1073 3150 1099 3211 si
1122 3166 1180 3228 qua
1201 3165 1307 3225 rogare
1402 3173 1406 3184 ·

418 3259 545 3338 ingratis
566 3259 691 3322 mittam.
733 3262 771 3324 tt
791 3279 867 3340 quae
888 3261 1003 3323 viderat
1023 3260 1082 3322 ima
1102 3258 1229 3320 tacentis
1341 3293 1345 3300 ·

417 3369 501 3430 lilius
521 3368 687 3449 inspiciens
708 3369 741 3431 in
761 3370 882 3444 vultum,
906 3370 956 3449 qui
978 3369 1079 3432 omnia
1097 3367 1211 3443 oemit;

418 3477 507 3541 Solve
529 3488 589 3552 tuo,
611 3479 695 3552 dixit,
718 3480 880 3542 ferventem
900 3479 933 3541 in
953 3488 1077 3560 pectore
1098 3497 1208 3542 curam.

366 3591 401 3646 45
417 3589 455 3650 Et
476 3587 578 3669 coepi:
600 3588 685 3650 Haud
707 3607 762 3668 ego
784 3609 851 3652 sum
872 3589 956 3664 tanti,
978 3597 1019 3664 ut,
1044 3589 1092 3652 cui
1112 3588 1202 3650 verba
1223 3585 1370 3662 remittas,

416 3699 464 3760 lle
485 3698 606 3777 dignum
627 3707 778 3778 reputem3
801 3699 854 3762 sed
876 3706 905 3762 te
926 3699 993 3762 siue
1014 3699 1130 3762 tlectier
1150 3697 1239 3778 hujus

416 3808 601 3882 Promeritis,
624 3827 700 3888 quae
722 3809 773 3871 dat
793 3809 866 3871 mibi
889 3827 1024 3888 poscere,
1046 3808 1106 3870 vitu
1127 3809 1214 3872 beate

417 3918 542 3980 Laetitia
565 3918 711 3981 occidteta
735 3926 794 3980 ma.
838 3919 885 3980 Sit
906 3919 1021 3981 discere
1043 3937 1191 3991 caussam,

418 4027 501 4101 Quae
523 4028 596 4090 mibi
617 4037 647 4090 ta
669 4029 800 4091 admovit
819 4029 953 4109 propius,
976 4047 1033 4090 nec
1055 4029 1154 4092 dicere
1175 4045 1274 4108 parce,

367 4146 401 4202 5⁰
418 4138 477 4200 Cur
497 4138 556 4200 hoc
577 4138 664 4202 dulce
686 4137 781 4201 melos
802 4139 936 4201 Paradisi
959 4149 1058 4200 cesset
1078 4137 1111 4200 in
1133 4137 1216 4211 orbe,

417 4245 505 4319 Quod
525 4256 586 4309 tem
607 4266 680 4312 voce
701 4247 752 4329 pie
773 4267 828 4329 per
847 4249 991 4328 sphaeras
1012 4247 1125 4311 diditur
1145 4266 1250 4310 omnes

414 4355 567 4418 lnlerius?
589 4389 630 4402 -
651 4358 736 4442 'luno
757 4358 807 4420 illa
827 4358 914 4420 mibi:
936 4357 1112 4420 Mortalibus
1133 4367 1202 4439 apta

415 4465 595 4529 brueroles
616 4468 706 4532 veluti
727 4469 810 4544 visu3
833 4485 925 4548 quare
947 4468 1006 4530 ista
1029 4484 1168 4530 canorem
