3214 5400
89 485 94 762 ι
576 539 755 593 PURGATORti
772 541 818 592 XV.
1012 563 1018 575 ·

197 754 343 832 Occurrit
363 759 487 838 perfuse
508 775 600 836 genes
619 759 746 821 humore
769 759 891 822 cadente

196 867 259 941 illo,
284 888 342 948 qno
365 867 454 930 dolor
472 869 608 942 restillet,
631 869 682 948 qui
706 869 834 948 gignitur
855 871 914 944 ire3

195 977 291 1057 Atque
314 977 389 1041 haec
410 979 455 1042 sic
476 978 548 1040 teri:
571 979 605 1040 Si
625 985 657 1039 tu
680 978 842 1040 domineris
863 979 893 1041 in
916 979 999 1054 urbe,

148 1091 180 1145 91
194 1087 254 1148 Pro
277 1105 336 1167 que
358 1095 501 1151 certaturn
522 1096 569 1150 est
590 1087 689 1150 studio
711 1089 789 1150 inter
810 1089 930 1150 numine
951 1097 1042 1162 tento,
1108 1123 1110 1126 ·

195 1198 239 1258 Ex
261 1217 319 1277 que
341 1197 495 1260 doctrinae
515 1205 605 1278 etque
627 1197 698 1260 artis
721 1195 813 1258 decus
836 1216 923 1261 omne
945 1199 1084 1278 refulget,

194 1307 237 1369 Ne
259 1325 344 1369 mora
365 1308 405 1371 sit
425 1308 531 1388 poeuis
554 1305 623 1368 ittos
645 1307 751 1387 punire
771 1307 901 1370 leeertos

196 1415 294 1478 Auses
318 1417 456 1497 amplecti
477 1423 586 1487 natam,
606 1435 626 1478 o
648 1417 836 1491 Prsrsrurrc
859 1425 1007 1493 uostrem;

103 1529 110 1541 ’
197 1526 251 1588 Cui
273 1534 335 1588 turn
356 1525 439 1587 risus
462 1533 525 1587 eret
546 1526 591 1588 sic
612 1527 797 1606 respondere
819 1525 976 1604 benignus,

147 1643 178 1697 tt
197 1636 370 1717 Composito
391 1635 520 1716 placide,
542 1636 684 1717 princeps
704 1636 890 1710 mitissimus,
912 1657 981 1699 ore:

196 1745 275 1821 Quid
298 1746 440 1808 iaciemus
463 1746 569 1820 adhoc,
590 1745 619 1806 si
640 1746 710 1827 quis
731 1747 808 1808 mele
830 1747 925 1808 inusta
946 1756 1087 1827 precetur

195 1855 300 1929 Nobis,
324 1856 468 1936 eipoeue
489 1857 584 1917 nostri
604 1855 770 1918 efficiamus
790 1855 962 1919 ementem!

238 1966 353 2029 Deinde
375 1965 462 2028 eliam
483 1965 543 2027 viui
565 1965 714 2028 flammato
736 1975 859 2046 pectore
881 1949 1000 2044 gentem

172 2107 174 2120 =
196 2079 375 2156 Aggressem
398 2075 477 2136 soris
496 2075 635 2156 juvenem
655 2075 728 2138 dare
749 2076 846 2138 funeri
869 2077 987 2151 acerbo,

134 2159 186 2252 too*
196 2187 346 2248 Murmure
369 2200 444 2264 quae
465 2203 574 2263 magno
597 2183 757 2247 clamabat:
779 2186 915 2260 Percote,
939 2187 1045 2250 caede!

197 2296 287 2376 leque
308 2293 464 2358 videbatur
485 2295 688 2368 succumbere,
712 2303 807 2357 morte
829 2305 975 2374 giurettis,

195 2407 314 2469 Pronus
336 2405 428 2479 humi,
452 2423 628 2486 semperque
651 2405 755 2467 oculos
778 2405 959 2469 contendere
979 2415 1101 2488 opertos

196 2517 230 2578 11
254 2516 371 2578 eoelum
392 2516 466 2578 fixos
487 2533 525 2577 ec
547 2533 695 2578 summum
715 2533 844 2595 poscere
865 2533 967 2595 regem

196 2625 231 2688 ln
254 2633 338 2688 tento
359 2641 465 2706 pacem
486 2624 574 2697 bello,
597 2624 774 2705 venumque
796 2626 889 2688 feroci
1003 2665 1011 2678 ι

134 2706 326 2812 lot'l'uriree,
348 2753 407 2816 quo
428 2734 509 2802 mitis
530 2735 626 2815 pietus
647 2734 831 2810 diffunditur,
854 2754 916 2798 ore.

239 2846 314 2909 Cum
334 2841 425 2906 rediit
443 2843 518 2906 mihi
537 2863 625 2906 mens
647 2855 826 2926 externaque
847 2865 917 2909 vere
938 2846 1042 2909 reuisit

196 2956 286 3018 Extm
310 2955 473 3036 seposito,
496 2953 580 3016 haud
596 2953 694 3017 falsus
713 2963 778 3020 trun
800 2957 937 3036 cognitus
958 2974 1044 3018 error

196 3065 252 3128 Est
269 3065 356 3128 mitri.
398 3065 445 3127 tie
468 3063 594 3126 similem
616 3067 767 3145 rumpenti
787 3066 904 3128 vinculo
924 3067 1024 3128 somni

106 3199 111 3210 ·
198 3176 326 3238 Cernere
350 3175 400 3254 qui
419 3174 533 3255 potuit:
555 3173 649 3248 Quae,
672 3175 785 3255 inquit,
809 3175 973 3236 consistere
991 3193 1086 3264 posse

132 3299 180 3353 llo
197 3286 310 3349 Caussa
331 3293 419 3357 vetet,
442 3281 570 3345 doctor?
590 3283 650 3345 Sed
670 3284 732 3364 jmu
752 3293 783 3346 te
803 3283 895 3346 millia
915 3285 977 3346 vidi

195 3394 268 3459 Plus
292 3395 377 3476 quasi
397 3411 488 3474 poam
506 3393 568 3454 duo
590 3410 783 3473 progressum
806 3393 858 3456 tibi
880 3393 992 3456 iumine
1012 3394 1119 3474 palmis

196 3505 350 3568 Velantem
371 3513 458 3583 atque
480 3521 568 3582 aegre
590 3502 713 3582 vestigio
734 3511 810 3566 torte
831 3503 1008 3575 trahentem,

197 3615 235 3678 Ut
255 3615 310 3686 vir,
334 3613 382 3676 eui
405 3613 596 3676 1111111111
617 3613 719 3675 vinum
739 3614 896 3696 praepedit
916 3611 1021 3676 ortus?
1071 3689 1073 3693 Ι

241 3723 266 3786 0
289 3723 386 3785 dulcis
406 3731 500 3804 poter,
523 3723 594 3784 huie
613 3723 683 3798 dixi,
707 3725 733 3786 si
754 3725 884 3805 porrigis
904 3742 1003 3797 eures,

130 3843 180 3898 115
197 3834 300 3897 Dicam
321 3833 384 3895 vise
406 3833 487 3906 mini,
511 3851 567 3913 per
585 3851 664 3913 quae
684 3835 730 3895 vis
750 3835 884 3896 concidit
905 3835 1004 3896 omnis

198 3945 334 4008 Crurum.
375 3942 472 4023 Atque
493 3943 519 4004 is
539 3951 659 4005 eootm:
681 3943 750 4006 Tibi
772 3945 797 4006 si
819 3944 965 4007 velamine
984 3943 1098 4006 mdtrrm

197 4055 309 4116 Lernae
328 4053 476 4114 texissent
497 4061 626 4126 eentum,
648 4073 726 4134 quae
748 4055 857 4132 cogitet
877 4045 957 4116 intus

196 4163 282 4226 Mens
304 4169 365 4236 tua,
387 4181 478 4244 porra
497 4162 578 4237 ticet,
600 4181 661 4225 nou
682 4183 731 4226 me
753 4163 798 4224 sic
820 4165 919 4226 clausa
940 4163 1077 4226 laterent.

196 4273 279 4335 Haec
300 4272 368 4334 ideo
392 4281 462 4334 sunt
481 4273 544 4336 vise
563 4273 627 4347 tibi,
651 4291 689 4334 ne
710 4274 787 4335 forte
809 4289 931 4336 recuses

127 4379 333 4448 omptume
355 4399 408 4444 eor
427 4383 561 4463 pendere
583 4384 676 4462 equis,
701 4401 777 4464 qnae
798 4385 880 4446 tonte
901 4383 1068 4447 redundent
1140 4389 1143 4394 '

194 4493 336 4554 Aeterno.
378 4491 484 4574 Neque
506 4511 564 4573 ego
585 4493 687 4556 studm
709 4511 893 4574 cognoscere
916 4511 1060 4569 caussam,

71 4603 400 4705 4„-
696 4540 1314 4704 „AE
