3214 5400
593 539 772 591 ruuclrouu
790 541 827 590 lll.

109 591 113 766 l

214 760 260 824 Nil
282 759 363 823 aliud
385 760 488 822 mundi
510 775 621 832 rumor,
643 775 733 837 quam
753 759 841 822 flatus
865 759 962 822 euntis

214 871 299 933 Nunc
320 871 388 944 huc,
411 887 492 932 nunc
513 869 586 930 illuc
605 868 685 930 venti
709 876 763 942 est,
787 869 837 949 qui
860 869 981 932 nomina
1002 878 1101 941 mutat,

217 981 302 1054 Quod
326 979 404 1042 solet
423 979 578 1040 immutare
599 977 686 1042 latus.
731 978 815 1052 Quae
838 979 916 1040 lama
936 979 1068 1040 manebit

169 1091 257 1153 0010
279 1089 384 1170 major,
407 1089 434 1150 si
455 1105 586 1166 unquam
608 1087 728 1148 scindas
750 1095 843 1150 aetate
866 1095 1009 1149 vetustam

216 1199 349 1272 Carnem,
372 1215 461 1277 qrram
484 1197 509 1259 si
534 1197 603 1258 olim
626 1197 710 1276 prius
731 1197 905 1260 immaturus
929 1195 1054 1270 obisses,

217 1305 312 1382 Quam
332 1317 364 1373 tu
386 1307 541 1370 desineres
562 1305 649 1368 balba
670 1324 803 1388 pappare
824 1306 951 1386 loquela,

214 1419 288 1480 Ante
310 1419 379 1482 anni
402 1435 491 1497 quam
513 1416 594 1478 mille
615 1415 731 1478 lluant?
752 1449 792 1460 -
816 1417 900 1489 Quae
921 1419 1065 1497 temporis
1088 1426 1169 1480 aetas

214 1528 258 1590 Ad
282 1527 410 1608 spatium
431 1536 584 1590 aeternum
606 1535 653 1587 est
673 1525 801 1599 brevior,
825 1541 913 1605 pram
936 1535 1024 1588 nutus
1047 1527 1084 1588 ad
1106 1527 1185 1588 illam

168 1651 198 1704 05
214 1638 269 1700 Est
290 1639 457 1717 sphaeram,
480 1655 555 1716 quae
576 1637 660 1698 tarda
680 1637 774 1712 magis
796 1637 960 1716 perinane
982 1645 1059 1698 rotat
1080 1657 1123 1698 se.

216 1746 375 1809 Tantillum
397 1749 448 1826 qui
470 1747 566 1827 carpit
587 1747 644 1809 iter
664 1763 736 1825 prae
758 1763 815 1819 nae,
839 1746 947 1826 oppida
969 1747 1112 1808 Hetrusca
1328 1721 1331 1784 1

214 1857 352 1936 Ruraque
374 1865 479 1919 cuncta
501 1875 576 1918 sono
599 1855 747 1936 implerit:
770 1855 859 1916 modo
882 1864 970 1917 tenue
992 1857 1142 1918 Senenses
1328 1798 1332 1918 1

214 1967 267 2028 Vix
287 1967 407 2028 mittunt
426 1985 570 2041 murmur,
594 1983 721 2046 quorum
744 1964 800 2026 luit
821 1963 931 2026 arbiter
951 1964 1001 2026 ille
1329 1950 1331 2040 1

215 2077 372 2156 Tempore,
395 2087 454 2156 quo
476 2077 587 2138 domita
610 2081 639 2137 el
660 2092 767 2153 magna
789 2073 931 2138 convulsa
952 2076 1037 2138 rarina
1329 2041 1332 2208 i

154 2197 198 2248 100
214 2187 383 2250 Florentiae
405 2186 460 2248 luit
480 2185 590 2258 rabies,
613 2202 687 2269 quae
710 2185 807 2245 fronte
830 2184 967 2262 superba,

213 2297 252 2358 Ut
272 2295 361 2358 modo
384 2295 526 2376 perfricta
547 2303 601 2365 001,
625 2293 799 2355 incesserat.
843 2292 896 2354 Est
918 2293 1001 2354 color
1023 2293 1133 2356 herbae
1328 2216 1332 2412 1

160 2453 162 2458 .
213 2406 329 2468 Nomen
351 2406 428 2485 apud
450 2412 567 2468 vestros
589 2402 756 2484 pulchrum,
780 2403 830 2481 qui
851 2403 952 2482 prodit
972 2403 1101 2484 abitque,

215 2515 333 2596 Quique
355 2516 437 2578 illam
458 2515 570 2577 dudum
591 2513 696 2575 tellure
719 2513 819 2575 emisit
840 2514 987 2587 acerbam,
1329 2413 1332 2594 ι

213 2626 281 2705 lpse
305 2626 436 2688 colorem
458 2624 571 2688 adimit.
593 2657 635 2668 —
656 2624 826 2703 Respondi:
849 2624 929 2685 llaec
950 2643 1019 2686 vera
1041 2625 1168 2698 locutus,

153 2745 198 2799 105
214 2735 357 2798 Virtutem
378 2734 514 2808 instillas,
539 2753 614 2814 quae
635 2751 683 2795 me
706 2734 817 2796 sentire
835 2733 971 2796 modeste

213 2845 427 2924 lugentemque
450 2845 537 2906 docel
558 2863 607 2904 me
630 2843 820 2923 complanare
842 2852 998 2906 tumorem.

212 2955 250 3017 At
263 2953 393 3034 'quinam
414 2955 472 3028 liic,
496 2972 619 3033 quaeso,
643 2961 697 3027 est,
721 2964 770 3015 tua
792 2971 880 3033 quem
902 2954 992 3016 modo
1007 2955 1096 3016 rerba
1113 2955 1276 3017 notabant

255 3065 463 3126 Provenzanus
485 3064 512 3124 is
534 3071 580 3124 est
601 3063 732 3137 savam,
747 3063 823 3150 ¹talia
844 3064 950 3139 reddit,

213 3175 307 3256 Atque
329 3175 380 3235 lric
401 3175 458 3236 iste
480 3181 589 3247 manet,
613 3174 682 3252 quia
704 3173 749 3234 sic
771 3173 829 3234 sibi
850 3173 923 3246 fidit,
946 3181 979 3234 ut
1000 3182 1083 3235 actus

150 3295 197 3349 110
213 3284 382 3346 Ambitione
405 3284 514 3346 Senam
536 3291 630 3344 totam
653 3282 822 3363 subjecerit,
845 3301 922 3344 unus

212 3393 331 3456 Arbiter
351 3393 480 3472 imperii.
524 3393 574 3456 Sic
597 3391 776 3472 irrequietus
798 3399 828 3454 et
849 3392 908 3464 ivit,

212 3504 308 3583 Atque
330 3504 353 3563 it
373 3511 443 3582 post
463 3511 599 3564 mortem.
642 3502 775 3564 Pretium
796 3500 884 3564 isthic
905 3500 963 3562 tale
985 3501 1131 3580 rependit,

214 3613 273 3687 Qui
296 3613 384 3674 nimis
398 3620 453 3696 esi
473 3612 536 3674 illic
556 3631 657 3674 ausus.
677 3653 678 3658 κ
701 3612 755 3674 Cui
776 3611 845 3674 talia
867 3622 984 3673 contra:

213 3724 257 3797 sa
281 3722 331 3803 qui
353 3715 484 3784 extrema
504 3729 603 3784 manet
623 3723 699 3784 vitae
720 3729 881 3794 momenta,
903 3722 1077 3804 priusquam

148 3837 196 3892 110
214 3833 289 3894 Sese
311 3832 474 3912 poeniteat,
494 3831 622 3894 statione
643 3839 777 3895 moratur
799 3831 829 3892 in
852 3831 919 3904 ima,

212 3943 274 4004 Nec
297 3961 365 4004 0000
386 3942 446 4004 huc
467 3943 615 4004 scandens
637 3942 735 4014 infert,
758 3942 818 4002 nisi
839 3941 906 4021 quis
927 3959 1018 4020 preco
1040 3957 1123 4019 pura,

212 4052 288 4113 Ante
310 4053 403 4113 fluant
425 4069 512 4131 00010
534 4059 587 4127 tot,
611 4060 684 4132 quot
705 4067 823 4131 pugnax
843 4051 954 4114 vixerat
976 4061 1081 4118 annos,

213 4159 326 4224 Afferet
347 4161 502 4223 auxilium:
526 4179 656 4242 quonam
679 4161 850 4238 indulgente
872 4161 987 4240 recepit

213 4271 279 4332 Huc
301 4269 358 4332 sc?
379 4299 420 4318 -·
442 4271 622 4352 Respondit:
648 4272 714 4344 Quo
735 4270 825 4333 0110111
847 4278 981 4351 ternpore
1005 4270 1110 4349 agebat

146 4394 197 4445 12⁰
214 4379 381 4460 Splendore
403 4381 511 4442 illustri
534 4401 569 4443 ac
591 4398 707 4443 summo
729 4375 911 4461 spectandus
932 4382 1057 4454 honore,

213 4490 261 4551 Nil
284 4509 318 4552 se
340 4491 507 4571 respiciens
529 4493 579 4553 hic
601 4491 699 4554 castra
720 4491 865 4553 Senensia
887 4491 979 4553 inivit.
