3234 5396
344 529 406 593 27⁴
822 531 956 581 rrulorsr
976 531 994 580 r.

712 625 873 634 *uua—-

360 761 394 815 ut
412 749 515 823 Vertit,
540 767 598 830 quo
620 751 682 812 nuti
704 750 791 812 deliri
812 758 910 812 mater
930 750 962 812 in
984 767 1047 823 ora,

409 859 448 920 Et
469 859 585 940 coepit:
610 859 761 939 Quidquid
783 877 881 922 rorum
904 867 960 934 est,
982 860 1037 920 has
1060 859 1168 938 digerit
1189 858 1264 919 ordo

410 969 491 1031 luter
514 989 582 1030 sese
604 989 718 1033 omues.
762 970 851 1049 lsque
874 971 948 1031 ordo
971 971 1066 1032 lorme
1087 977 1218 1042 vocatur,

410 1079 493 1152 Quae
516 1079 587 1140 lacit
609 1097 696 1140 omne
718 1081 780 1142 Deo
802 1079 910 1140 simile.
953 1079 1009 1141 Hic
1030 1089 1136 1140 cuncta
1160 1079 1217 1140 alta
1241 1087 1337 1141 creata

410 1189 556 1251 Aeternae
579 1195 705 1252 oemunt
725 1190 843 1251 virtutis
866 1189 952 1267 sigua
974 1199 1129 1270 notasque,

228 1317 231 1324 “
345 1313 393 1365 too
410 1301 494 1373 Quae
516 1307 593 1361 meta
616 1310 671 1373 est,
695 1299 731 1360 ed
754 1317 842 1378 quam
864 1299 938 1360 mihi
960 1299 1038 1362 diota
1061 1315 1094 1360 ea
1117 1315 1222 1359 norma
1244 1300 1379 1360 retertur.

410 1408 532 1470 Ordinis
555 1409 585 1470 in
608 1409 699 1488 leges,
722 1427 795 1489 quas
817 1409 956 1482 diximus,
978 1409 1077 1471 omnia
1099 1424 1195 1488 prona

410 1519 486 1581 Sunt
508 1537 562 1599 per
583 1518 717 1582 diversas
740 1527 846 1590 sortes,
870 1537 946 1599 quoe
968 1518 1095 1598 plusque
1117 1517 1275 1597 minusque

408 1628 562 1709 Principio
584 1628 738 1690 accedunt.
781 1629 825 1689 lta
847 1645 902 1708 per
922 1645 1004 1690 mare
1027 1638 1132 1690 ounota
1154 1638 1310 1690 moventur

409 1740 538 1802 Naturae
560 1738 738 1799 immensum
760 1738 876 1798 diversa
900 1733 937 1798 ad
958 1737 1069 1810 littora,
1093 1748 1122 1800 et
1142 1757 1201 1800 une
1223 1788 1226 1795 .

344 1859 392 1912 lut
410 1849 469 1910 lies
492 1866 626 1929 quaeque
648 1847 748 1908 inluso
771 1847 924 1921 instinctu,
949 1865 1007 1928 quo
1031 1847 1145 1926 singule
1168 1849 1271 1911 fertur.

410 1959 466 2021 Hie
487 1959 586 2038 ignem
609 1959 667 2021 lert
688 1958 723 2018 ad
747 1957 856 2030 lunam,
879 1957 1016 2020 mortalia
1038 1959 1128 2020 eorda

409 2069 466 2131 llio
487 2069 539 2130 ioit
560 2078 650 2140 motu,
673 2066 723 2128 hio
744 2077 853 2128 terram
877 2067 1016 2147 cogitque
1037 2068 1215 2147 premitque.

409 2178 470 2240 Neo
492 2178 581 2240 modo
603 2197 678 2258 quae
700 2178 815 2239 ratione
837 2186 953 2251 carent,
975 2175 1026 2238 bio
1047 2177 1162 2257 appetit
1183 2197 1280 2251 arcus,

410 2289 448 2350 lt
470 2306 544 2368 quae
565 2296 666 2350 mente
686 2287 786 2349 valent
807 2305 842 2348 ao
862 2294 982 2349 versant
1003 2287 1098 2348 libera
1121 2303 1261 2349 amorem.

345 2400 394 2452 11⁰
411 2398 495 2472 Quae
519 2405 561 2459 tot
581 2397 716 2478 disponit
735 2395 857 2478 propria
880 2379 1025 2477 sapientia
1047 2397 1123 2471 luce,

410 2509 495 2570 Stare
514 2507 600 2588 jubet
622 2526 742 2586 semper
763 2507 888 2580 coelum,
912 2508 943 2568 in
966 2526 1025 2587 quo
1047 2523 1080 2568 se
1102 2515 1181 2568 rotat
1202 2507 1284 2580 illud,

412 2617 498 2692 Quod
521 2633 605 2693 mage
627 2617 768 2679 festinum
791 2625 846 2678 est.
889 2618 986 2697 Atque
1007 2618 1075 2690 huo,
1098 2617 1188 2680 veluti
1211 2617 1248 2678 ed
1270 2616 1337 2678 looa
1360 2624 1444 2689 serta,

410 2727 496 2789 Nune
517 2726 597 2788 illius
620 2728 680 2804 egit
701 2747 757 2788 uos
778 2728 871 2788 virtus
893 2727 984 2789 incita
1007 2727 1128 2800 chorda,

413 2838 506 2910 Quae,
529 2836 673 2916 quidquid
692 2837 775 2916 jecit,
798 2837 856 2898 hoo
879 2836 915 2898 ad
940 2838 1055 2916 siguum
1079 2837 1181 2915 dirigit
1201 2844 1313 2916 aptum.

349 2954 395 3007 115
412 2948 519 3009 Verum
542 2955 574 3007 ut
595 2946 631 3007 ab
654 2945 777 3007 artitiois
799 2947 950 3008 discordat
970 2955 1070 3008 mente
1092 2948 1265 3026 frequenter

412 3058 529 3124 Forma,
552 3055 603 3116 ubi
625 3057 766 3133 materies
787 3057 857 3118 huie
878 3056 1062 3135 respondere
1083 3067 1203 3118 recuset

413 3167 528 3240 Surde;
551 3165 593 3226 ita
615 3176 644 3227 et
665 3166 723 3226 lroo
744 3165 855 3228 abeunt
876 3184 892 3227 a
914 3183 1003 3226 cursu
1025 3183 1116 3246 saepe
1139 3176 1246 3242 oreste,

369 3264 371 3267 ¹
414 3278 497 3351 Quae
519 3277 563 3337 sio
585 3283 650 3336 aeta
673 3293 727 3336 suo
750 3277 895 3337 divertere
918 3275 1036 3338 tramite
1057 3285 1193 3356 possunt,

333 3457 339 3468 ¹
412 3387 521 3465 (thue
540 3385 641 3447 videre
662 3394 750 3475 potes
772 3383 871 3447 delabi
894 3385 1022 3447 nubibus
1045 3386 1165 3464 iguem)

347 3499 396 3552 luo
412 3496 578 3557 Dummodo
600 3496 736 3558 flectatur
757 3495 831 3556 salsa
854 3495 1010 3559 dulcedine
1032 3496 1147 3574 primus
1228 3529 1231 3538 v

412 3606 545 3685 lmpetus
567 3605 597 3664 iu
620 3614 738 3666 terrem.
781 3606 847 3666 Nou
869 3603 938 3684 plus
959 3605 1013 3665 tibi
1035 3604 1109 3666 mira
1131 3607 1260 3684 protendo
1284 3615 1330 3669 est

412 3714 483 3788 Res,
506 3715 583 3775 bene
606 3715 632 3775 si
654 3722 768 3794 reputo,
792 3709 872 3794 quod
895 3711 1023 3789 scandis,
1046 3732 1134 3794 quam
1156 3715 1280 3793 exiguus
1301 3718 1369 3778 fons

413 3825 480 3886 Alto
502 3832 603 3885 monte
625 3840 715 3886 ruens
738 3824 763 3885 si
786 3824 910 3886 fraudum
932 3825 1078 3904 irrumpat
1099 3825 1130 3885 io
1152 3826 1253 3887 imum.

414 3934 447 3995 ln
472 3944 569 3995 teres
592 3935 726 3996 mirande
748 3936 836 4008 toret,
860 3934 895 4006 si,
918 3942 948 3995 te
971 3935 1068 4015 objice
1091 3925 1173 3998 nullo

349 4047 397 4100 125
412 4044 606 4123 impediente,
625 4044 730 4123 jacens
751 4044 783 4104 in
805 4045 893 4105 terris
915 4044 981 4124 ipse
1004 4046 1136 4120 sederes,

414 4153 499 4214 Siout
519 4153 601 4214 humi
622 4154 707 4215 vivax
725 4153 771 4214 vis
793 4156 929 4216 dammae
951 4161 1042 4216 strata
1064 4155 1172 4234 quiete.
1190 4189 1234 4200 -
1333 4143 1336 4150 ’

415 4261 493 4324 Hine
514 4263 565 4324 illa
586 4264 623 4324 ad
646 4281 794 4329 summum
814 4264 902 4324 vertit
922 4282 976 4326 suu
997 4264 1109 4328 lumina
1131 4266 1297 4346 Olympum.
