3234 5396
336 506 399 572 222
771 504 951 560 roncaronn
968 505 1039 558 mit

403 725 450 787 'lu
471 725 544 788 mihi
564 726 704 788 Parnassi
726 724 846 788 suasisti
868 724 982 806 primus
1003 725 1086 788 adire

403 835 594 916 Speluncam,
617 842 647 896 et
667 835 760 896 sontis
781 853 874 914 puros
894 834 1013 896 haurire
1034 835 1177 914 liquores,

352 952 387 1006 tt
403 945 507 1026 Tuque
530 946 623 1008 [lenm
643 945 758 1024 primns
780 943 909 1024 docuisti
930 952 1028 1006 mente
1049 943 1136 1017 tueri,

402 1053 486 1117 lllius
508 1055 608 1116 officio
630 1056 761 1128 iunctus,
784 1055 835 1134 qui
856 1060 945 1117 nocte
966 1063 1093 1132 vagatur,

404 1165 464 1238 Qui
486 1165 542 1226 lert
563 1183 643 1244 pone
665 1164 770 1238 issem,
793 1170 824 1226 et
844 1182 877 1226 se
899 1181 959 1226 non
978 1163 1070 1244 juvat,
1093 1171 1219 1226 attamen
1242 1165 1308 1246 ipso

402 1273 527 1335 Lumine
549 1281 594 1336 sat
616 1274 721 1336 doctos
743 1273 825 1334 ducit
846 1291 900 1335 sua
921 1280 1002 1350 terga
1023 1281 1194 1354 sequentes.

403 1382 531 1464 Moqnua
553 1383 590 1446 od
612 1385 740 1463 tnteqro,
764 1401 831 1444 cum
853 1383 934 1456 dixti,
957 1386 1096 1446 noscitur
1118 1385 1193 1446 ordo

352 1492 386 1548 aa
399 1491 584 1566 saeclorum,
610 1477 737 1554 redeunt
759 1495 844 1574 cirqc
868 1502 896 1554 et
918 1491 1067 1554 Saturnio
1088 1511 1190 1573 raquo,

402 1601 471 1664 dom
492 1620 573 1664 ncoo
591 1605 751 1683 proqena‘aa
774 1602 855 1664 ccelc
879 1603 1046 1664 demittitur
1066 1603 1140 1665 olto.

445 1711 487 1774 'l'e
509 1719 633 1792 propter
654 1712 759 1787 cecini,
781 1719 872 1786 vates,
894 1720 925 1774 te
945 1719 1070 1792 propter
1090 1712 1217 1774 eundem

402 1821 476 1884 Sum
498 1821 647 1884 Christum
667 1821 829 1902 amplexus.
872 1821 981 1884 Verum
1002 1828 1035 1884 ut
1054 1822 1240 1884 manifestius
1262 1822 1318 1884 ista

402 1931 524 2006 Cernes,
547 1949 622 2011 quae
645 1931 784 2006 informo,
807 1931 963 2008 aggrediar
984 1931 1121 1994 conterre
1143 1931 1271 1995 colores.
1294 1913 1298 1922 ’

351 2061 385 2114 7⁰
442 2042 518 2104 Vera
539 2042 625 2115 tides,
647 2047 742 2102 totum
762 2041 880 2122 penitus
902 2059 978 2121 quae
999 2040 1173 2120 impleverat
1193 2041 1306 2118 orbem,

402 2151 513 2232 Sparsa
533 2151 737 2216 ministrorum
759 2151 868 2226 studio,
894 2169 969 2230 quos
991 2169 1106 2212 summa
1126 2159 1259 2232 potestas

400 2261 529 2334 lliserat,
553 2262 664 2324 aeterni
686 2262 780 2340 regni,
804 2268 833 2324 et
855 2278 930 2339 quae
951 2259 1080 2340 plurima
1101 2261 1192 2324 lando

401 2369 448 2432 Tu
469 2371 552 2452 prior
573 2372 723 2450 attigeras,
742 2371 805 2452 jam
828 2370 1025 2433 consonuisse
1046 2370 1179 2434 novellae

400 2480 586 2544 Praeconum
607 2481 711 2544 turbae
726 2480 803 2570 ¹vidi.
847 2480 946 2560 Quare
967 2479 1049 2542 ilicet
1068 2481 1113 2542 uti

351 2589 463 2655 talliis
486 2607 555 2654 cura
577 2591 642 2665 luit,
664 2609 791 2671 quorum
813 2590 857 2652 sic
878 2590 992 2669 integra
1013 2591 1076 2652 visa
1098 2599 1143 2652 est

401 2700 474 2774 Vita,
497 2709 538 2774 ut,
561 2700 755 2763 Christicolas
777 2700 858 2762 calvo
880 2699 1045 2764 insectante
1067 2701 1194 2776 Nerone,

402 2809 524 2872 lllorum
545 2810 633 2872 lletus
654 2810 767 2889 pariter
786 2809 859 2872 mihi
879 2809 989 2872 uentus
1011 2818 1100 2872 esset

402 2918 465 2981 Hos
488 2938 554 2999 ope,
578 2938 636 2998 qua
658 2919 750 3000 potui,
773 2919 843 2982 dum
864 2920 974 2982 mansit
994 2919 1052 2981 vita
1074 2926 1236 3000 superstes,

400 3029 478 3092 luri.
521 3029 635 3092 Horum
656 3047 756 3091 mores
776 3030 851 3092 recti
868 3029 1002 3110 justique
1024 3035 1145 3092 tenaces

350 3142 385 3198 8⁰
403 3139 568 3202 Suaserunt
589 3157 693 3202 omnes
715 3139 787 3202 olias
808 3139 882 3200 mihi
904 3157 1046 3220 spernere
1068 3146 1175 3202 sectas.

400 3249 438 3311 nt
459 3249 600 3312 Thebana
622 3249 794 3329 priusquam
815 3265 933 3327 agerem
953 3267 1050 3329 prope
1067 3249 1189 3312 flumina
1211 3248 1317 3330 Graios

401 3359 563 3432 Cantando,
585 3358 703 3422 ablutus
726 3366 842 3422 sacrato
865 3377 882 3422 a
904 3359 985 3421 tonte
1006 3359 1099 3420 redivi

400 3468 483 3531 Clam
503 3468 615 3549 populo
638 3467 738 3532 celans
761 3469 872 3531 cultum
893 3468 1053 3532 tormidine
1074 3469 1179 3530 victus.

399 3578 506 3658 Meque
527 3578 578 3642 diu
600 3581 730 3642 exterius
751 3578 888 3642 simrrlari
909 3578 946 3641 de
968 3593 1057 3658 grege
1079 3596 1171 3640 coeco

322 3699 382 3754 ·st
398 3689 557 3750 llendaoes
578 3696 737 3752 venerante
758 3689 854 3764 Ileos3
876 3695 964 3768 atque
985 3687 1042 3750 ista
1064 3687 1192 3767 tepentis

399 3796 538 3861 Mollities
560 3798 650 3860 animi
672 3811 729 3861 me·
744 3805 880 3878 quartum
901 3797 1021 3876 cingere
1043 3797 1141 3875 adegit

398 3907 500 3987 Usque
522 3908 626 3971 orbem
648 3923 746 3981 ceusu,
768 3907 836 3988 plns
859 3926 947 3988 quam
967 3926 1023 3988 per
1044 3907 1140 3970 saecla
1162 3917 1313 3987 quaterna.

441 4017 520 4097 lingo
543 4019 594 4099 qui
615 4025 743 4097 tegmen,
766 4017 821 4080 sub
844 4036 903 4097 quo
924 4017 1003 4106 bona
1023 4024 1104 4079 tanta
1120 4016 1261 4090 latebant,

400 4128 483 4202 Quae
505 4129 582 4203 dico,
604 4128 719 4208 primns
741 4127 906 4208 dempsisti,
928 4127 1064 4190 domnia
1085 4126 1174 4206 longa

348 4251 383 4304 tt
399 4237 558 4300 Scansuris
579 4239 704 4300 nimium
726 4245 874 4319 superest,
897 4237 960 4300 dic:
982 4237 1086 4300 umbra
1107 4237 1251 4310 Tannum,

400 4346 543 4424 Cuncuu,
565 4348 687 4423 Pisum,
709 4342 803 4410 Vinus
825 4367 883 4427 qua
903 4347 934 4410 in
956 4355 1039 4429 parte
1061 4344 1214 4410 moratur?

400 4456 455 4518 uic
475 4457 558 4533 mihi,
581 4478 618 4520 an
641 4466 788 4533 aeternus,
812 4457 838 4520 si
861 4457 931 4533 scis,
954 4457 1011 4519 hos
1034 4475 1137 4522 carcer
1158 4457 1189 4518 in
1211 4455 1291 4518 Orco
1340 4493 1345 4504 ·
