3236 5394
349 573 390 637 7ss
789 575 982 627 inruanunun
999 577 1045 627 nx.

415 792 559 854 Omnibus
579 792 761 856 horrendum
781 793 994 856 clamantibus:
1019 794 1084 868 Quo
1106 796 1187 868 ruis,
1211 795 1303 859 ebeul

363 917 396 971 35
415 903 481 976 Quo
503 902 582 976 ruis,
603 902 790 978 Auentinae,
814 902 885 983 quid
907 904 958 965 bic
980 904 1090 968 inlecta
1113 906 1258 986 relinquis

413 1008 517 1073 bella?
539 1012 597 1074 Sed
619 1012 669 1074 ille
691 1019 790 1075 tamen
812 1031 873 1074 non
895 1013 1009 1075 destitit
1029 1013 1074 1076 ire
1095 1015 1244 1094 protunda

413 1121 447 1182 ln
469 1121 549 1196 loca,
572 1121 622 1182 ubi
643 1121 740 1183 blines
762 1122 915 1201 delapsum
938 1141 1084 1202 quemque
1106 1123 1240 1186 revincit.

412 1229 534 1312 Aspice,
557 1240 589 1292 ut
610 1243 749 1310 exterge
770 1239 875 1312 pectus
898 1231 955 1293 sibi
978 1233 1066 1307 lecit;
1089 1232 1127 1294 eb
1150 1232 1231 1295 illam

415 1341 569 1414 caussam,
593 1359 649 1420 qua
670 1341 764 1402 voluit
783 1341 907 1402 nimium
928 1359 977 1424 res
999 1350 1067 1404 ante
1086 1341 1197 1418 videre,
1313 1419 1317 1428 Ι

363 1466 397 1519 40
412 1450 560 1530 Respicit,
583 1457 672 1530 atque
692 1449 770 1512 viam
791 1451 881 1512 modo
903 1450 1020 1530 cogitur
1039 1452 1083 1513 ire
1105 1463 1279 1515 retrorsum.

454 1559 563 1650 Aspice
586 1560 745 1633 Trnssnu,
769 1559 821 1639 qui
842 1559 1004 1622 mutavisse
1025 1561 1149 1640 figuram

411 1670 518 1733 Fertur
539 1670 635 1749 deque
656 1669 719 1730 vire
742 1669 837 1730 lactus
858 1669 947 1730 mede
970 1670 1093 1745 lemine,
1116 1671 1185 1734 dein
1206 1671 1259 1746 vir,

413 1781 524 1843 Cuncta
546 1778 604 1841 sibi
625 1778 713 1840 vertit
733 1779 884 1840 membra:
907 1786 955 1840 ast
975 1779 1081 1842 itemm
1104 1787 1171 1842 ante
1192 1780 1301 1842 bacillo

411 1890 491 1952 Nexa
514 1889 603 1950 simul
624 1887 682 1949 due
705 1895 876 1968 serpentum
897 1888 968 1952 huie
990 1883 1142 1952 caedenda
1162 1891 1280 1952 luerunt

361 2009 395 2062 45
413 2000 563 2080 Corpore,
586 2017 673 2078 quam
694 1998 810 2077 plumas
832 2007 936 2078 posset
956 2017 1095 2060 revocare
1116 1999 1227 2061 viriles.

454 2108 514 2170 Sed
536 2107 601 2188 qui,
625 2109 703 2188 pene
724 2109 826 2188 legens
847 2108 936 2189 hujus
957 2105 1096 2187 vestigia,
1118 2120 1202 2188 tergo

412 2217 511 2298 lpsins
533 2236 600 2280 sese
622 2218 717 2280 ventri
739 2218 798 2280 lert
818 2217 943 2291 obvius,
966 2217 1016 2279 ille
1038 2228 1085 2280 est

412 2329 527 2402 Ancus,
550 2327 601 2407 qui
624 2328 773 2408 quondam
795 2347 828 2390 se
850 2327 880 2389 in
902 2326 1191 2390 mentibusabdidit
1211 2327 1279 2389 altis

412 2438 529 2509 Lunae,
551 2437 603 2498 ubi
625 2437 798 2518 suppositus
822 2437 974 2499 Carnarius
997 2437 1097 2500 accola
1118 2447 1232 2502 runcat.

362 2559 396 2615 5⁰
411 2547 489 2608 Huic
510 2553 620 2608 tectum
642 2546 784 2626 spelunea
807 2546 863 2608 luit
883 2547 921 2609 de
942 2563 1089 2608 marmore
1111 2565 1197 2621 cano,

412 2656 496 2719 Unde
517 2654 622 2734 ingens
643 2657 739 2736 patuit
760 2655 925 2736 speculanti
946 2665 1057 2736 pontus
1079 2664 1108 2718 et
1129 2657 1240 2719 aether.

456 2766 598 2845 Quaeque
619 2766 693 2844 tegit
711 2784 868 2840 mammes,
893 2785 966 2846 ques
987 2785 1048 2828 nen
1070 2776 1117 2828 est
1137 2785 1259 2830 cernere
1281 2765 1378 2840 nobis,

413 2874 552 2938 Crinibus
573 2875 692 2950 effusis,
715 2895 785 2957 pars
806 2875 891 2936 illinc
914 2894 1048 2955 quaeque
1069 2875 1166 2956 pilosa

414 2985 468 3047 Cui
489 2992 584 3065 patet,
608 2993 654 3046 est
674 2986 794 3059 Mauro,
818 3005 893 3066 quae
914 2985 1042 3065 plurima
1062 3005 1154 3066 regna
1176 2985 1289 3066 petivit,

363 3102 395 3157 55
412 3094 502 3170 Dein,
526 3112 582 3174 que
604 3113 652 3157 me
674 3095 806 3173 genetrix
827 3095 959 3175 peperit,
982 3114 1015 3156 se
1037 3095 1068 3156 in
1091 3095 1162 3158 sede
1183 3095 1305 3158 locavit:

415 3205 513 3277 Quare
534 3223 629 3284 pauca
650 3204 738 3280 libet,
762 3213 792 3267 te
813 3224 900 3266 aures
922 3205 1097 3286 praebente,
1121 3206 1243 3267 reterre.

412 3315 494 3376 Haec
514 3313 566 3375 ubi
587 3314 732 3395 persolvit
753 3315 892 3378 defuncte
911 3315 993 3395 justa
1015 3314 1150 3394 parenti,

412 3424 563 3503 Passaque
586 3425 738 3487 servitium
760 3431 806 3486 est
827 3443 901 3504 quae
924 3424 996 3486 olim
1018 3424 1162 3486 cunabula
1183 3425 1300 3486 Bacebo

412 3533 488 3595 Urbs
511 3533 606 3606 dedit,
630 3534 695 3615 ipsa
717 3533 768 3595 diu
790 3533 846 3596 luit
867 3534 1032 3596 errabunda
1053 3553 1108 3616 per
1129 3535 1241 3596 orbem.

363 3654 397 3705 td
412 3643 492 3717 Illic,
514 3642 616 3704 ltaliae
639 3645 770 3705 formosa
790 3643 842 3704 ubi
864 3643 1004 3723 panditur
1026 3663 1087 3716 era,

413 3751 492 3814 lnlra
514 3752 603 3832 Alpes
625 3752 708 3815 lacus
730 3763 789 3826 est,
813 3753 863 3833 qui
887 3761 929 3828 te,
954 3753 1125 3826 Germania,
1150 3753 1261 3815 claudit

414 3861 547 3923 Tirelum
568 3881 673 3942 super,
696 3870 727 3924 et
747 3863 897 3924 Benacum
918 3863 1039 3924 nomine
1062 3863 1173 3925 dicunt.

413 3972 471 4032 Per
491 3971 573 4032 mille
595 3981 625 4033 et
645 3973 747 4052 plures
768 3973 847 4034 bunc
870 3973 958 4034 erede
981 3991 1116 4035 creseere
1139 3972 1229 4046 rives,

414 4081 639 4143 Gardaminter
660 4082 866 4163 Camunesque
889 4090 919 4143 et
938 4083 1108 4144 nubiferum
1130 4082 1327 4162 Apenninum,

364 4201 398 4255 tt
413 4191 508 4270 Atque
530 4191 638 4252 undam
660 4191 852 4266 intumuisse,
875 4193 942 4254 lacu
964 4211 1039 4272 quae
1062 4199 1178 4270 stagnat
1199 4192 1229 4253 in
1252 4192 1344 4253 ist0.‘

414 4299 449 4362 ln
469 4298 567 4362 medie
588 4301 671 4362 loeus
694 4311 758 4375 est,
782 4320 870 4381 quem
884 4302 949 4363 dux
970 4301 1085 4380 gregis,
1108 4309 1196 4381 atque
1217 4301 1367 4380 magister,

415 4409 483 4471 Sive
505 4409 788 4485 Tridentinueseu
811 4411 928 4490 quite,
951 4412 1064 4486 Brixia,
1088 4431 1142 4474 seu
1157 4411 1215 4492 qui
1333 4425 1337 4436 ·

384 4513 387 4518 ’
415 4520 472 4593 Te,
493 4520 623 4596 ¹Vererta,
646 4520 883 4606 colit-patriam,
907 4510 1083 4584 describere
1096 4530 1210 4602 posset,
