3362 5414
229 547 271 592 m
778 523 950 578 cunerono.

280 713 412 813 ipuali
437 712 562 786 saliano
590 733 774 784 acararee
808 709 949 782 caedere
980 706 1102 807 [amosi
1127 707 1140 778 i
1161 709 1255 804 poeti
1287 729 1304 777 e
1337 705 1368 778 le
1401 704 1472 778 lara

281 855 403 930 apere3
440 855 457 903 c
486 831 570 928 perd
603 829 768 925 oegqeoda
802 827 899 924 quani
934 825 1161 899 abbandonam
1199 823 1338 920 Virgilio
1372 849 1389 897 e
1425 826 1474 921 qn·

281 951 374 1038 altrl,
402 975 420 1022 a
446 973 558 1022 eccere
583 947 670 1020 nelle
695 945 786 1018 moui
812 944 970 1018 d'nomini
991 943 1102 1040 plebel
1126 965 1145 1015 e
1171 943 1207 1014 di
1233 944 1333 1016 bacea
1353 945 1472 1016 candi·

281 1070 375 1143 aiooe
402 1067 518 1140 estimo
544 1065 674 1139 casial
706 1088 767 1138 saa
801 1063 929 1136 lanaria
963 1061 1083 1135 dovere
1116 1061 1327 1148 addicenire,
1363 1086 1380 1134 e
1409 1087 1473 1161 per

282 1194 500 1282 consequente
538 1181 768 1270 tinserendum
799 1182 930 1255 ridetur
960 1186 1057 1274 ooo)
1095 1181 1319 1276 caneeqnirpli
1350 1181 1471 1278 quello,

277 1330 342 1404 por
368 1305 427 1378 eloe
453 1303 522 1375 alla
546 1302 653 1401 salica
685 1301 716 1374 ni
749 1307 966 1374 sottonnettea.
1018 1299 1065 1371 nt
1090 1299 1149 1372 alte
1167 1299 1334 1396 aliperao
1352 1299 1472 1373 dooere
1527 1367 1531 1376 .

280 1424 308 1496 il
333 1448 394 1496 cao
417 1445 535 1519 poema
559 1425 637 1520 sare
663 1422 842 1517 conforme,
869 1419 996 1492 almeon
1017 1417 1108 1491 nella
1134 1419 1298 1491 conteeaa'a
1315 1417 1351 1491 di
1365 1419 1471 1517 fuori,

282 1540 480 1637 apl'iopapoi
504 1538 705 1636 de'preeenti
731 1537 868 1633 signori.

231 1660 404 1734 Sinoiilima
429 1659 586 1753 leguntur
611 1669 645 1728 ct
671 1655 705 1728 in
730 1655 900 1752 prooemia
927 1653 1089 1749 elegantis
1121 1653 1208 1728 illius
1246 1655 1471 1728 commentarii

231 1778 396 1875 anonymi,
424 1776 481 1874 qui
507 1775 648 1848 liabetur
674 1773 709 1846 in
736 1773 905 1846 codicibus
919 1772 1135 1847 Riccardiaoo
1166 1774 1275 1866 1016,
1302 1773 1471 1847 Gaddieno

230 1897 297 1971 XC.
331 1920 402 1993 sup.
438 1895 521 1969 123.
559 1903 592 1966 et
622 1891 739 1966 Medic.
771 1891 871 1966 Palat
912 1889 1054 1987 ¹¹⁷l1ea,
1098 1902 1132 1964 et
1164 1890 1258 1986 cujus
1292 1894 1472 1989 specimina

230 2016 322 2088 dedit
346 2012 559 2100 Taaliius:

331 2132 443 2206 Anaua
469 2130 610 2204 l'aatare
641 2129 731 2202 della
752 2138 909 2227 presente
935 2152 1037 2226 opera
1062 2131 1256 2204 eomineiato
1272 2141 1388 2228 questa
1403 2132 1471 2204 tri·

278 2251 409 2349 partita
435 2250 614 2322 commedio
638 2248 674 2320 in
700 2248 809 2347 questi
841 2248 931 2320 aerei
964 2247 1078 2336 latini,
1114 2249 1183 2322 eine*
1216 2249 1335 2322 Ultima
1368 2275 1472 2348 regna

283 2393 397 2442 canam
425 2377 499 2459 etc,
526 2393 543 2439 e
567 2365 624 2462 piei
650 2366 775 2438 dieteca
801 2364 835 2438 la
860 2368 1003 2438 mateola
1028 2367 1184 2464 alpaanta
1201 2369 1325 2455 ioanni,
1340 2373 1471 2467 quanda
1530 2415 1532 2426 ·

281 2488 372 2562 matti
398 2484 568 2582 roncaglia,
594 2485 719 2558 ooeodo
746 2484 897 2581 rispetto,
924 2484 982 2558 ale
1007 2485 1021 2556 i
1042 2487 1168 2581 apocri
1194 2512 1212 2559 e
1236 2488 1285 2582 pli
1310 2490 1392 2562 altri
1405 2516 1488 2564 aa-·

184 2606 188 2614 ’
281 2607 364 2679 mini
389 2605 519 2703 patenti
551 2627 674 2676 aveono
707 2604 805 2699 quael
845 2603 900 2676 del
932 2612 1018 2676 tutta
1052 2606 1275 2679 abbandonatl
1298 2609 1347 2702 pli
1379 2610 1474 2706 stadj

283 2724 416 2798 liberali
442 2747 459 2796 e
483 2722 646 2821 filosoficc}
674 2745 690 2793 e
717 2722 815 2818 quani
839 2746 963 2795 aeruna
987 2723 1096 2811 v’era,
1124 2725 1182 2798 eloe
1209 2727 1388 2800 ancienne
1414 2738 1471 2800 ot-

283 2844 457 2932 teodecac3
484 2865 501 2913 c
529 2864 564 2913 ee
587 2863 675 2937 para
701 2864 825 2912 varano
851 2840 1069 2930 o’atteadeaa,
1095 2847 1214 2942 [aeeon
1240 2846 1254 2918 ι’
1280 2844 1359 2918 libri
1384 2846 1473 2942 degli

284 2961 397 3034 autari
422 2958 605 3032 traslature
630 2959 667 3030 ln
691 2959 837 3054 volgare.
1021 2969 1022 2974 ’

335 3079 409 3152 Na'n
428 3076 606 3150 defuerunt
620 3077 733 3172 igitur,
753 3077 809 3174 qui
830 3076 907 3149 inde
924 3077 964 3150 ab
984 3078 1054 3176 ipso
1073 3081 1189 3156 Dentis
1216 3085 1347 3160 saeculo
1367 3110 1472 3184 usque

233 3199 431 3273 adnostros
458 3197 528 3268 dies
554 3218 686 3268 sacrum
712 3196 832 3268 summi
858 3207 975 3293 poetae
1002 3221 1132 3272 carmen
1145 3200 1322 3276 Latinitate
1349 3205 1471 3278 donaro

231 3317 437 3392 molirentur.
488 3314 614 3387 Harum
641 3325 818 3388 conatuum
844 3340 910 3388 una
935 3315 1079 3390 Caroli
1104 3319 1334 3418 Aquinatis
1363 3324 1470 3397 versio

232 3439 394 3532 integram
422 3434 649 3532 complectitur
675 3433 888 3507 Comoediam
923 3437 1073 3534 typisque
1100 3439 1262 3536 exscripta
1294 3455 1345 3514 est
1372 3442 1471 3538 (Nea-

233 3555 298 3653 pal.
330 3558 425 3628 1728
436 3557 493 3651 ³³),
513 3553 575 3626 cui
601 3553 712 3650 operi,
741 3553 802 3626 etsi
829 3554 926 3646 fidei,
953 3581 1020 3627 non
1047 3567 1158 3630 tamen
1191 3559 1372 3654 elegantiae
1403 3563 1471 3634 lau-

235 3672 310 3744 dem
337 3672 581 3766 denegaverunt
613 3670 784 3768 utriusque
817 3671 948 3766 linguae
981 3675 1090 3771 periti.
1150 3678 1360 3752 Caeterarum
1395 3705 1471 3754 con-

233 3789 434 3880 versionum,
451 3813 534 3886 «puae
561 3787 610 3862 vel
636 3812 735 3859 unam
761 3797 888 3860 tanturn
914 3791 1087 3866 alteramve
1115 3797 1312 3871 Comoediae
1345 3810 1472 3896 partem

236 3907 515 4004 complectuntur,
556 3907 607 3978 vel
640 3906 731 4003 prela
765 3907 913 3981 nondum
940 3924 1017 3983 sunt
1043 3916 1250 4010 commissae,
1283 3930 1472 3992 accuratum

236 4027 327 4102 dedit
352 4025 535 4120 catalogum
562 4025 834 4120 diligentissimus
854 4027 1086 4104 Columbus
1104 4033 1328 4110 Batinensi
1342 4041 1368 4111 s'.
1403 4039 1471 4112 Nos

233 4170 311 4219 vera
338 4169 407 4216 rem
432 4169 449 4216 a
475 4145 643 4241 proposita
672 4156 785 4218 nostro
811 4170 877 4218 non
905 4148 1043 4221 alienam
1077 4150 1186 4227 lacere
1220 4157 1403 4254 credimus,
1437 4161 1471 4234 in

235 4288 352 4340 eorum
377 4263 597 4357 commodum,
632 4264 688 4362 qui
722 4289 797 4338 cum
830 4265 1016 4342 novissimis
1049 4270 1191 4346 Puram
1232 4278 1320 4350 curis
1356 4304 1472 4354 earum

232 4407 674 4424 -qn—-u———un-

302 4466 327 4530 *)
346 4468 383 4519 Ci.
406 4465 570 4518 doctissimam
594 4467 750 4522 illustrissimi
775 4469 924 4523 liaeaomitis
949 4473 1093 4525 Columbi
1122 4475 1310 4530 Batineasis
1341 4480 1472 4546 bibliogra-

236 4553 317 4620 phiam
335 4566 436 4618 operam
454 4552 536 4603 Daritis
554 4559 578 4603 et
594 4553 624 4605 ad
641 4555 741 4606 Dantem
758 4556 917 4621 spectantium
935 4557 953 4618 Ι,
972 4556 1095 4612 tta-45.
