3362 5414
335 562 376 626 26
774 565 969 618 INFERNORUM
986 566 1033 617 vn.

402 784 525 864 Singula
546 785 614 865 plns
638 792 719 846 tanto
741 786 800 850 rim
822 786 911 866 gaudi
933 787 1052 867 vimque
1074 786 1188 850 doloris

337 898 385 952 1⁰5
402 894 537 970 Sentice,
560 895 635 956 haee
656 904 766 975 quanto
789 905 858 972 sunt
880 896 1102 976 perfectissima
1124 904 1196 959 tota.

403 1004 545 1078 Quamvis
567 1004 598 1066 id
620 1024 770 1086 nunquam
793 1024 867 1085 gens
888 1007 963 1068 haec
986 1007 1093 1069 devota
1116 1007 1247 1070 futurum

403 1115 524 1194 speret,
546 1123 580 1176 ut
602 1134 637 1176 ex
659 1134 729 1178 vero
752 1116 885 1194 perfecta
907 1133 1068 1194 exsurgere
1090 1117 1196 1196 possit

400 1223 487 1286 lilino
507 1225 590 1305 plus,
614 1244 702 1305 quam
723 1224 814 1287 istinc
836 1234 936 1288 tamon
957 1226 1015 1286 hoc
1038 1234 1192 1305 exspectnt
1213 1234 1241 1288 et
1265 1226 1332 1306 ipsa

443 1333 494 1396 Sic
515 1353 571 1396 nos
593 1335 745 1415 progressi
767 1335 799 1397 in
821 1353 923 1414 gyrum
946 1335 1130 1398 confecimus
1153 1336 1266 1409 orbem,

335 1455 384 1507 lto
398 1442 489 1506 Multa
512 1444 601 1506 simui
623 1445 739 1517 fantes,
761 1444 871 1506 itemm
893 1463 969 1526 quae
991 1446 1091 1508 dicere
1113 1464 1243 1526 parcam,

399 1553 493 1633 Inque
514 1554 614 1618 locum
635 1562 755 1616 ventum
777 1563 837 1628 est,
861 1554 913 1635 qni
935 1555 987 1618 dat
1008 1556 1192 1618 descendere
1214 1556 1252 1617 ad
1274 1556 1343 1618 ima.

398 1663 455 1726 Hic
476 1682 532 1726 nos
553 1663 731 1738 Psoronnu,
753 1682 895 1743 magnum
917 1664 1001 1728 illum
1023 1665 1191 1728 invenimus
1214 1665 1342 1726 hostem.

899 1925 970 2022 ill.
1025 1915 1028 1922 ’

441 2104 507 2166 Hau
529 2103 658 2176 Sarma,
681 2102 740 2165 hau
762 2104 892 2177 Seram,
914 2102 1087 2167 umhramm
1110 2120 1250 2182 suprema
1272 2101 1426 2184 potestas!

399 2215 498 2276 Rauca
519 2232 592 2276 voce
614 2214 746 2276 tremens
767 2213 870 2293 coepit
889 2214 1002 2278 Puero.
1024 2193 1025 2200 ἵ
1046 2213 1085 2275 At
1105 2213 1219 2292 sophus
1242 2213 1293 2276 ille

401 2323 516 2397 domis,
539 2341 627 2403 quem
649 2322 725 2384 nihii
747 2323 864 2402 effugit:
888 2323 957 2385 Tibi
980 2341 1019 2384 ne
1042 2321 1131 2384 timor
1153 2322 1234 2384 obsit

401 2433 461 2495 Iste
482 2440 566 2506 tuus,
590 2432 665 2494 dixit
684 2433 922 2504 maceraturos:
945 2441 979 2496 ut
999 2432 1051 2494 iile

366 2542 515 2616 cressit,
538 2561 600 2605 non
620 2551 721 2604 tamen
742 2543 800 2605 hac
821 2543 1005 2606 descendere
1026 2561 1100 2622 rupe
1122 2540 1243 2604 vetabit.

400 2651 619 2732 Conversisque
641 2651 737 2714 oeulis
759 2652 791 2714 iu
814 2671 938 2733 spumea
959 2652 1042 2714 labra
1065 2661 1229 2716 tumentem
1275 2715 1279 2726 ,

399 2761 454 2824 His
477 2762 544 2824 infit
566 2771 684 2824 contra:
698 2739 837 2836 ¹Cohibe,
859 2763 930 2843 lupe
952 2762 1100 2843 pessime,
1124 2777 1237 2836 rocem,

401 2873 534 2953 Cumque
555 2880 606 2934 tua
627 2871 709 2934 rabie
732 2871 858 2935 interius
879 2881 910 2935 te
931 2874 1056 2935 confice.
1099 2872 1226 2934 Nostrae

399 2982 472 3044 Non·
488 2983 574 3044 deest
595 3000 702 3044 caussa
723 2981 804 3057 riae,
825 3002 882 3062 per
903 3001 992 3064 qrram
1014 2982 1100 3062 nigra
1121 2999 1214 3060 regna
1235 2979 1381 3044 subimus.

352 3103 383 3154 lo
401 3091 452 3154 Sic
473 3092 616 3171 placitum
638 3100 685 3153 est
705 3092 782 3166 aito,
804 3093 942 3156 direntes
965 3103 1103 3173 stuprum
1123 3092 1203 3154 unde
1224 3091 1387 3171 superbum

399 3201 484 3264 Ultor
505 3201 624 3284 dejecit.
645 3233 688 3246 —-
709 3202 807 3264 Veluti
829 3202 977 3280 mrgentia
1000 3214 1087 3265 vento
1189 3234 1193 3242 =

399 3312 469 3374 Vela
490 3311 746 3391 primumdum,
769 3313 820 3374 ubi
843 3313 963 3375 taudem
985 3312 1132 3391 [mugitum
1153 3311 1256 3374 arbor:

398 3422 484 3484 Haud
506 3421 593 3484 aliter
613 3422 726 3502 pressit
745 3423 875 3486 crudelis
897 3422 996 3486 helluo
1019 3431 1140 3484 terram.

441 3531 493 3596 Sic
515 3532 603 3594 simod
625 3533 657 3594 in
679 3541 816 3612 quartum
837 3532 915 3613 lapsi
938 3532 1149 3596 descendimus
1172 3539 1299 3603 antrum,

351 3647 382 3704 lo
398 3641 436 3703 m
456 3640 523 3706 ioca
545 3641 685 3704 metimm
706 3642 791 3722 ripae
813 3641 957 3704 interiora
979 3641 1119 3715 dolentis,

399 3751 458 3812 Tot
477 3751 570 3825 mala,
595 3763 669 3832 quot
689 3753 810 3814 fuerunt
831 3760 926 3814 totum
950 3761 1084 3830 grassata
1106 3771 1162 3832 per
1184 3752 1296 3824 orbem,

399 3859 573 3924 Condontis.
616 3861 697 3922 Proh
715 3861 798 3942 juste
819 3861 914 3935 ultor,
938 3862 1006 3943 quis
1029 3861 1164 3940 congerit
1186 3879 1316 3941 unquam

399 3970 458 4032 Tot
477 3989 553 4032 nova
575 3971 722 4052 supplicia
746 3980 777 4034 et
790 3989 924 4050 poenas,
947 3990 1022 4052 quas
1044 3972 1158 4034 fervere
1179 3967 1263 4032 vidit

397 4079 436 4142 Et
457 4079 595 4159 quisnam
616 4087 721 4143 noster
740 4079 786 4142 sic
807 4099 864 4142 nos
886 4081 963 4143 mode
984 4081 1114 4162 dissipat
1134 4077 1241 4143 error?

348 4201 383 4252 ad
398 4190 437 4252 Ut
458 4208 548 4270 snpra
570 4189 694 4269 pelagus
716 4189 865 4263 Siculum,
887 4192 966 4270 qnod
989 4198 1072 4254 vasta
1094 4191 1262 4254 Caeamms

399 4297 542 4372 Obsidet‚
564 4299 735 4363 incurrente
756 4301 851 4373 unda,
875 4319 951 4380 quae
974 4301 1119 4380 frangitur
1139 4300 1238 4364 unda:

398 4410 484 4472 Haud
505 4409 592 4472 aliter
612 4419 734 4474 nostrae
754 4410 858 4490 vadgus
879 4409 1037 4474 simulacra
1059 4409 1140 4474 ciere

400 4518 523 4598 Cogitm
543 4518 594 4581 hio
614 4519 727 4582 riddoe.
771 4519 857 4585 Haud
879 4519 951 4583 alibi
972 4519 1047 4582 mihi
1066 4520 1157 4600 eopia
1179 4520 1243 4582 risa
1264 4527 1312 4582 est
