3362 5414
164 574 250 692 l-
673 621 868 682 nuunuouuu
886 633 910 681 v.

289 849 334 911 lle
358 849 442 929 quasi
466 849 603 911 destituit
625 867 742 910 sensus.
763 883 805 894 -
828 850 960 912 Tandem
984 870 1035 914 ora
1057 855 1211 916 resolvens

238 947 272 1024 ld
290 960 341 1022 Sio
364 959 469 1038 coepi:
494 958 638 1030 ovatus,
663 958 755 1020 ferret
777 977 824 1020 me
847 968 929 1038 grata
952 963 1061 1041 cupido

290 1069 476 1148 Compellare
498 1067 584 1140 illos,
607 1067 681 1128 mihi
705 1069 756 1148 qui
779 1068 837 1130 dno
860 1069 1001 1148 passibus
1023 1073 1127 1152 aequis

290 1181 336 1240 lre
358 1197 433 1250 una,
457 1187 544 1257 atque
567 1178 646 1238 leves
669 1179 744 1240 adeo
767 1179 803 1240 ad
826 1187 946 1241 ventum
969 1199 1036 1242 esse
1057 1183 1204 1244 videntur.

164 1346 166 1375 ‚
290 1289 378 1368 lsque
401 1287 491 1350 mihi:
516 1288 589 1350 Cum
612 1287 739 1349 aderunt
759 1288 899 1367 propius,
922 1291 1090 1370 spectabis,
1113 1301 1143 1354 ot
1164 1293 1232 1372 ipsu

164 1386 166 1482 ζ
291 1399 449 1477 Temporis
472 1397 504 1458 iu
525 1405 638 1476 puncto
659 1415 714 1475 per
735 1416 883 1471 amorem,
907 1400 956 1478 qui
981 1409 1080 1461 movet
1101 1401 1178 1474 illos,

164 1485 166 1497 ’
240 1517 273 1570 lo
292 1507 409 1568 Orobis.
456 1507 581 1568 Venient
603 1506 639 1567 ad
661 1525 733 1578 uos,
755 1507 845 1569 simul
868 1507 997 1588 impetus
1020 1529 1109 1573 auree
1216 1571 1222 1586 ,

290 1617 404 1679 Flectet
425 1635 488 1678 eos.
532 1615 609 1677 Movi
631 1635 756 1678 vocem:
781 1617 805 1677 0
829 1618 905 1679 mala
929 1620 1002 1682 dura
1026 1621 1164 1685 forentes.

165 1793 168 1821 Ι
199 1717 202 1722 “
290 1728 470 1798 Adrumeto,
494 1705 625 1797 animae,
648 1733 680 1786 et
701 1725 761 1786 nisi
784 1726 830 1788 vis
853 1728 977 1789 adversa
999 1729 1128 1808 negabit,

165 1840 167 1849 ’
290 1837 333 1898 Ne
355 1837 457 1917 pigeat
478 1835 586 1896 missas
609 1835 713 1896 audire
728 1854 770 1914 ⁸so
792 1836 917 1898 reddere
939 1856 1039 1899 vooes.

164 1947 168 2040 j
290 1947 340 2019 Ut,
366 1945 517 2007 desiderio
539 1945 566 2006 si
590 1945 708 2025 quando
730 1947 869 2018 vorante,
894 1947 1050 2009 oolumbae

164 2048 167 2066 ¹
240 2069 273 2122 8⁰
289 2058 364 2118 Adra
387 2056 534 2118 findentes
558 2054 638 2115 dulei
660 2053 823 2117 illabuntur
845 2057 957 2136 apertis

289 2166 483 2244 impletisque
506 2164 562 2225 alis
585 2163 672 2225 nido:
697 2164 741 2226 sio
763 2172 871 2244 sponte
893 2164 1020 2227 ruebant

289 2277 333 2338 dd
356 2295 412 2337 nos
434 2275 502 2335 illae
525 2274 656 2346 animae,
679 2274 832 2353 digressae
856 2295 890 2336 ex
912 2275 1030 2354 agmine
1053 2276 1171 2346 Eiusne,

290 2385 364 2447 Adra
387 2404 442 2465 per
462 2384 558 2446 dirum
582 2385 726 2446 suffusum
749 2386 874 2446 humore
896 2385 1044 2463 malign03

289 2495 459 2557 Flexanima
482 2513 577 2574 usque
599 2494 674 2556 adeo
696 2495 788 2556 valuit
808 2514 864 2557 vox
886 2512 954 2557 oum
976 2513 1066 2574 preoe
1088 2495 1207 2558 blanda.

240 2607 273 2660 85
333 2605 357 2666 0
382 2605 517 2666 animans
540 2604 649 2675 comis,
673 2604 790 2676 dieunt,
815 2613 845 2666 et
865 2613 965 2666 mente
987 2604 1127 2683 benigna,

207 2791 209 2795 ,
291 2714 366 2776 dero
388 2733 443 2794 per
464 2715 580 2776 luseum
603 2715 653 2794 qui
676 2725 733 2776 nos
754 2715 873 2776 visurus
897 2713 996 2785 adisti,

291 2825 445 2904 Purpureo
467 2833 596 2886 vestrum
620 2825 671 2904 qui
694 2824 839 2902 sanguiue
861 2824 1003 2885 tinuimus
1026 2824 1145 2897 orbem;

165 2976 168 3033 3
291 2935 323 2997 si
346 2954 414 3007 rex,
437 2934 563 3014 imperio
586 2934 757 2995 dominatus
779 2934 811 2996 iu
834 2934 948 3007 omnia,
972 2933 1068 2995 amice

165 3036 167 3127 i
291 3046 445 3106 innueret
466 3044 569 3117 nobis,
592 3045 672 3104 buno
693 3062 748 3124 pro
772 3051 801 3104 te
824 3059 951 3123 posuere
974 3059 1080 3123 paoem

166 3138 167 3202 l
241 3168 274 3218 ao
290 3155 383 3216 Nobis
406 3171 476 3214 cura
499 3154 592 3227 loret;
615 3153 756 3233 quoniam
778 3153 932 3214 miseraris
955 3171 1085 3215 amaram

165 3243 168 3333 Ῐ
290 3265 451 3326 nimborum
474 3271 596 3324 sortem.
642 3262 673 3324 Si
697 3263 768 3342 quid
790 3271 820 3324 te
843 3261 946 3323 audire
965 3262 1089 3343 juvabit,

292 3375 324 3437 Si
347 3393 404 3455 qua
427 3373 509 3453 loqui
532 3374 591 3436 lert
611 3391 713 3445 mens,
736 3371 887 3443 edissere;
911 3370 981 3432 dum
1003 3387 1074 3436 aura
1096 3371 1220 3440 silescit,

291 3484 436 3558 urrant,
458 3483 537 3544 haud
559 3490 588 3545 te
611 3482 714 3544 audire
737 3490 767 3542 et
787 3481 971 3560 respondere
993 3480 1117 3561 pigebit.

210 3619 214 3631 ·
291 3595 374 3668 Quae
396 3613 444 3655 me
466 3592 625 3672 progenuit
647 3592 748 3663 tellus,
771 3590 863 3652 maris
886 3590 998 3652 insidet
1020 3609 1100 3652 orae.

240 3711 275 3764 ot
292 3705 358 3777 Quo
381 3702 506 3782 supinus
528 3703 635 3764 duvios
657 3717 838 3782 componere
860 3720 934 3781 paoe
957 3700 1112 3782 sequanos,

291 3814 439 3876 Eridanus
461 3833 494 3874 se
516 3811 659 3874 immittit.
702 3814 794 3872 Amor
815 3820 919 3872 tenero
943 3811 1025 3872 ilicet
1045 3812 1173 3872 haerens

291 3923 396 3994 Cordi,
419 3923 499 3984 huno
520 3929 567 3983 sat
587 3921 730 4001 pulchrae
753 3902 885 3984 devinxit
905 3921 1033 4000 imagine
1056 3921 1179 3992 lormae,

293 4034 376 4107 Quae
398 4031 470 4094 mini
493 4032 609 4094 sublata
632 4039 691 4106 est,
715 4041 745 4094 et
766 4049 815 4094 ms
836 4031 943 4093 modus
965 4031 1030 4110 ipse
1052 4030 1179 4092 nooendi

292 4141 377 4204 Nuno
392 4155 518 4224 quoque
540 4142 641 4204 laedit.
684 4143 790 4216 Amor,
815 4145 866 4221 qui
888 4140 961 4202 nulli
984 4139 1081 4220 pareit
1103 4147 1201 4202 amato

227 4263 276 4315 too
292 4255 363 4332 lgue
385 4271 503 4326 carere,
527 4253 657 4314 animum
680 4261 759 4314 tanta
782 4250 939 4313 duloedine
961 4249 1050 4330 cepit,

292 4363 345 4430 lsti
368 4361 449 4443 quod
470 4362 620 4442 plateam,
642 4364 718 4424 haee
739 4373 772 4424 ut
793 4361 890 4423 adlruo
912 4377 974 4420 uon
994 4359 1110 4439 limpmt
1131 4366 1288 4431 amantem,

292 4473 360 4552 lpse
381 4481 415 4533 ut
436 4472 546 4534 uernis.
589 4473 681 4534 Amor
701 4489 758 4533 nos
781 4471 870 4532 lunns
892 4468 975 4531 duait
996 4469 1033 4530 ad
1056 4487 1162 4544 uuum3

292 4583 329 4643 dt
350 4583 440 4644 Garun
463 4589 581 4657 manet,
605 4582 656 4663 qui
678 4583 778 4644 lumen
800 4579 911 4642 ademit
932 4579 1061 4659 utrique.
