3362 5414
283 567 354 610 xvru
808 541 981 593 antennam.

386 731 560 804 Saeculum
588 729 789 803 sedecimum
815 727 919 799 literis
937 725 1064 797 Latinis
1091 750 1168 822 prae
1203 727 1342 799 caeteris
1370 727 1529 819 deditum,

286 863 319 923 et
345 851 430 940 sauri
458 849 613 922 carminis
641 846 747 937 cultu,
774 855 904 942 praeter
930 852 1099 935 nostrum,
1134 844 1215 916 nulli
1250 845 1449 938 seeundum,
1487 871 1529 918 ne

286 995 385 1042 unam
411 970 542 1066 quidem
570 967 707 1039 Divinae
727 963 923 1036 Comoediae
950 963 1135 1034 versionem
1151 963 1301 1034 Latinam
1329 964 1456 1056 tulisse,
1479 974 1554 1036 est.

287 1088 374 1185 quod
401 1085 572 1158 miremur.
625 1083 823 1156 Chiabrerae
850 1104 926 1152 vero
954 1079 1136 1177 llarinique
1164 1091 1342 1154 sectatores
1369 1081 1529 1154 altantis

287 1206 396 1278 studio
424 1205 527 1276 luisse
554 1203 690 1292 alienos,
718 1199 1029 1272 commemoratione
1055 1199 1108 1270 vir
1131 1200 1267 1294 indiget.
1303 1199 1529 1272 Revivisoente

288 1326 374 1396 oiroa
402 1322 532 1394 initium
559 1299 680 1394 saeculi
708 1317 827 1390 decimi
855 1318 959 1390 oetari
986 1327 1148 1390 castarum
1167 1317 1335 1390 Musarum
1351 1327 1385 1390 et
1401 1319 1529 1415 priseae

287 1466 427 1540 poeseos
454 1464 577 1532 amore,
605 1437 753 1548 lelieiora
779 1435 913 1531 ingenia
939 1436 1032 1506 novis
1060 1436 1231 1508 conatibus
1259 1437 1298 1509 ad
1313 1436 1529 1532 Alligherium

287 1570 414 1656 patrem
452 1583 525 1630 sese
560 1565 802 1628 converterunt.
861 1554 898 1625 ln
933 1578 1074 1649 qnorum
1106 1579 1244 1627 numero
1279 1579 1345 1627 non
1380 1555 1531 1628 infimum

288 1689 377 1750 eerte
404 1679 512 1750 losum
540 1677 671 1747 (linono
698 1675 859 1754 Aoornnrr
886 1672 1098 1746 tribuendum
1125 1698 1199 1746 esse
1227 1697 1413 1766 censemus,
1440 1674 1530 1765 licet,

287 1797 438 1869 Latinam
466 1819 567 1891 quum
595 1794 718 1864 laceret
743 1791 894 1863 Divinam
912 1791 1135 1884 Comoediam,
1163 1792 1373 1865 aemulationi
1399 1793 1532 1887 elegan-

288 1916 407 1987 tiarum
436 1911 578 1985 Nasonis
605 1911 679 2009 plus
707 1933 810 2006 aequo
838 1909 1025 2006 dederitlj.

410 2199 452 2212 -
473 2199 515 2210 —
538 2198 578 2208 —
600 2164 740 2226 Geminas
763 2172 864 2225 tamen
886 2163 973 2225 anxia
995 2183 1071 2238 cura

362 2285 393 2333 to
412 2267 547 2329 Solioitat
568 2266 687 2326 novisse
710 2263 844 2338 umbras,
868 2261 942 2344 qua's
963 2264 1075 2345 impete
1098 2275 1198 2346 raptas
1236 2255 1238 2260 ’

412 2366 563 2429 Turbineo
585 2367 644 2427 hnc
666 2367 759 2444 adigit
780 2374 903 2439 ventus3
926 2367 979 2426 sed
1002 2366 1138 2428 cominus
1161 2368 1286 2430 adsunt:

362 2482 394 2532 80
410 2468 575 2546 Aggredior
597 2467 662 2540 lari,
685 2466 801 2527 monuit
824 2486 882 2544 quo
906 2467 1037 2529 carmine
1060 2468 1157 2529 Vates.

413 2571 470 2650 oh,
492 2569 570 2648 agite
591 2567 747 2630 unanimes
770 2567 895 2641 animae,
919 2587 992 2647 qrras
1015 2571 1080 2648 ipsa
1102 2570 1215 2632 volutat

411 2672 512 2732 Poena
534 2689 640 2751 pares3
664 2669 745 2729 tandi
768 2677 814 2729 est
836 2669 861 2729 si
886 2670 981 2749 copia,
1005 2670 1103 2732 sistite
1126 2689 1254 2734 cursum.
1350 2679 1353 2688 '

411 2773 458 2846 Ut,
482 2771 616 2832 studiosa
637 2778 723 2830 vocat
745 2767 859 2830 sobolis
882 2790 955 2850 quas
979 2791 1058 2845 cura,
1082 2773 1235 2836 columbas

412 2872 547 2934 Immotis
569 2872 694 2932 reduces
717 2871 754 2932 ad
780 2879 850 2932 nota
872 2871 980 2934 cubilia
1003 2873 1111 2952 pennis
1164 2922 1168 2930 ,

411 2973 510 3034 Prolis
532 2992 615 3034 amor
636 2972 726 3047 vehit,
750 2973 882 3034 occultas
905 2981 935 3034 et
956 2973 1067 3035 sufficit
1090 2976 1168 3036 alas:

363 3096 395 3145 85
412 3075 478 3137 Non
499 3093 599 3148 secus,
622 3075 733 3135 excitae
755 3075 864 3136 blando
887 3094 1025 3136 sermone
1047 3077 1190 3150 vocantis,

412 3177 565 3238 Exsiluere
587 3176 665 3238 leves
688 3175 819 3250 umbrae,
843 3175 994 3257 sociisque
1016 3177 1130 3240 relisus

412 3280 489 3340 bera
508 3296 563 3357 per
585 3296 708 3338 coecum
731 3265 947 3358 approperant3
971 3297 1039 3340 mox
1062 3279 1153 3340 altera
1177 3281 1269 3342 latur:

414 3380 558 3458 Quisquis
581 3397 622 3450 es,
647 3377 790 3440 informes
813 3379 903 3440 Erebi
925 3380 1052 3442 lustrare
1075 3400 1213 3442 recessus

414 3482 509 3554 Quem
531 3480 626 3558 pietas
649 3480 753 3558 tetigit,
775 3489 956 3560 nostrosque
979 3481 1113 3543 ediscere
1137 3501 1234 3556 casus,

364 3604 396 3652 90
415 3582 548 3655 Quorum
570 3580 664 3640 fumat
686 3581 781 3654 adlrue
804 3582 870 3641 suso
894 3581 930 3642 de
953 3581 1098 3658 sanguine
1120 3583 1217 3664 tellus,

415 3681 560 3760 Optarim,
583 3680 642 3740 nisi
666 3681 748 3742 laeva
769 3682 868 3742 forent
890 3681 962 3742 mihi
985 3682 1121 3755 Numina,
1145 3683 1218 3746 tanti

415 3780 543 3843 Sedibus
566 3782 596 3842 in
619 3781 738 3859 superis
760 3790 879 3842 maneat
899 3790 928 3842 te
952 3782 1042 3860 gratia
1064 3784 1143 3844 faeti.

300 3873 302 3877 ⁸
365 3901 397 3950 95
415 3883 500 3943 Nune
521 3882 609 3942 liceat
631 3892 729 3960 gratas
753 3882 864 3954 audire,
889 3892 919 3944 et
940 3884 1066 3946 reddere
1087 3904 1186 3958 voces,

415 3983 490 4044 llum
512 3983 592 4042 venti
613 4002 751 4063 posuere.
796 3983 866 4044 lJies
888 3984 961 4044 mibi
983 3985 1080 4064 prima
1100 3987 1219 4049 refulsit

416 4083 557 4145 Tabisrcis
579 4085 704 4146 horrent
724 4081 777 4144 rubi
799 4085 886 4148 foeda
906 4085 1065 4165 paludibus
1087 4108 1164 4162 arra,

293 4263 720 4275 W*-

359 4373 385 4434 *)
403 4371 536 4430 Sutt'reieut,
555 4386 616 4434 quos
634 4374 770 4423 recudimus
788 4388 885 4435 varana,
905 4375 933 4424 ad
953 4377 1106 4428 refutandum
1126 4377 1258 4430 doctissimi
1278 4373 1426 4432 Columhi
1445 4383 1540 4434 Rati-

294 4459 405 4508 nensis
424 4469 530 4505 errorem
549 4455 671 4518 (Bibliogr.
692 4475 716 4521 p.
736 4458 809 4518 245),
835 4460 985 4534 narrationes
1003 4463 1032 4512 da
1056 4464 1183 4514 Francisea
1207 4473 1230 4514 et
1246 4467 1277 4516 de
1296 4467 1382 4516 eomite
1401 4468 1541 4533 ttgotinaa

294 4541 380 4592 Caroto
394 4541 509 4603 Aquinate
527 4541 709 4602 praetermissas
728 4557 781 4592 esse
799 4545 911 4607 putantis.
