3282 5404
365 526 427 588 332
823 527 957 579 numutst
975 527 1031 578 tvl.

400 791 404 806 .
428 746 541 821 Lunae,
564 745 738 822 Urbisaliae,
761 753 795 808 ut
811 747 873 827 jaon
896 747 1047 808 delluaore
1068 755 1208 827 retroque

380 861 414 914 tu
430 855 468 918 Ut
489 855 685 934 sublapsum
706 863 778 918 sunt
797 874 848 918 ros
871 855 1013 936 Clusiquc
1035 854 1194 936 Sinaaque,

430 966 496 1027 Non
519 963 572 1026 tibi
595 981 741 1026 menone
763 964 821 1028 orit
843 973 947 1044 gentes
969 963 1072 1028 audire
1093 966 1179 1028 noina

430 1075 566 1144 Ennaeas,
588 1093 644 1136 nec
664 1073 739 1138 mira
762 1074 892 1154 quidem,
915 1074 1035 1155 wando
1056 1075 1182 1138 urbibus
1204 1076 1280 1157 ipsis
1336 1095 1341 1110 ·

430 1184 514 1246 Finis
536 1183 631 1246 adest.
674 1183 712 1247 Ut
731 1202 795 1256 vos,
818 1192 888 1247 sunt
907 1191 1006 1246 vestra
1029 1183 1157 1248 obnoxia
1179 1186 1270 1248 morti

431 1293 548 1362 Omnia.
571 1294 696 1356 ethaeo
717 1293 824 1374 aliqua,
848 1311 925 1374 quae
946 1302 1006 1356 stat
1026 1295 1175 1369 diuturna,
1197 1293 1317 1358 latescit

381 1412 414 1465 to
431 1405 465 1466 ln
486 1421 529 1478 re,
552 1411 583 1466 at
602 1411 700 1466 nosue
721 1402 821 1466 brevis
841 1403 899 1466 vita
922 1411 978 1466 est
1020 1405 1116 1486 Atque
1139 1405 1221 1468 orbis
1243 1407 1281 1470 ad
1303 1407 1399 1470 instar

430 1515 545 1578 Lunam
566 1511 720 1587 volventis,
743 1513 793 1600 qui
813 1513 904 1576 nudat
925 1514 1025 1576 littora
1047 1521 1078 1576 et
1098 1515 1189 1589 abdit,

429 1623 491 1686 Nec
514 1622 600 1686 datur
619 1621 679 1685 ulla
702 1622 803 1703 quien
825 1623 869 1684 sic
890 1639 970 1684 nnnc
992 1624 1110 1686 lortuna
1132 1624 1265 1688 vicinum

428 1733 563 1796 Vestram
585 1731 689 1794 urbem
711 1741 837 1796 exercet.
882 1733 980 1807 Quare
1002 1733 1080 1794 hand
1102 1734 1212 1796 mirare
1233 1735 1404 1816 loquentem

428 1843 475 1906 llo
495 1840 695 1916 Florentium,
718 1843 769 1922 qui
791 1861 870 1904 nunc
891 1843 989 1924 capito
1011 1843 1068 1906 alta
1090 1845 1235 1918 latebant,

378 1960 414 2016 8⁰
428 1953 587 2032 Antiquom
609 1969 735 2032 quotum
758 1953 892 2014 celarunt
913 1960 1048 2032 tempore
1073 1954 1191 2016 lamam.

430 2064 519 2141 Ugus,
542 2061 691 2124 Osmanos
713 2061 782 2136 aidi,
806 2063 995 2144 Graecosque
1016 2063 1243 2145 Philipposque

429 2173 527 2252 Atque
550 2171 711 2236 Catullinus
733 2171 832 2246 simul,
855 2179 885 2234 et
905 2189 999 2250 genus
1021 2173 1180 2248 uthericht,

429 2283 495 2346 Jaan
517 2282 615 2344 claros
636 2281 741 2354 titulis,
762 2291 844 2344 sorte
867 2281 1028 2345 inclinante
1051 2283 1199 2363 superbis,

429 2393 468 2456 Et
489 2409 597 2472 geuene
620 2391 743 2472 antiquo
765 2391 875 2454 multoc
898 2393 1066 2472 opibusque
1088 2401 1237 2473 potentes.

379 2511 413 2568 8⁶
429 2503 548 2564 Portam
569 2502 655 2576 olna,
677 2521 754 2564 nova
774 2501 917 2582 perfidiae
940 2521 1028 2582 quam
1049 2503 1183 2584 pontem
1205 2512 1343 2568 onustam

432 2612 506 2674 'l'ana
527 2611 656 2690 graviter
675 2619 790 2686 vexant,
812 2619 846 2674 ut
864 2612 926 2694 jaan
944 2612 1059 2693 jactura
1081 2614 1228 2690 gementis

430 2721 478 2783 Sit
497 2720 655 2784 metuendo
676 2721 759 2795 ratis,
781 2740 855 2801 gens
876 2722 1043 2784 Rancnnu
1065 2723 1213 2798 manebat,

430 2830 514 2893 Unde
537 2848 638 2892 manes
660 2830 781 2905 Gnoso,
805 2831 916 2912 quique
936 2850 954 2893 a
975 2832 1176 2896 Bencennono
1199 2833 1259 2897 alto

429 2940 504 3003 Dein
525 2939 607 3003 duxit
628 2958 747 3002 nomen.
790 2941 968 3004 Dominantli
989 2942 1069 3004 nulla
1092 2943 1203 3005 latebat

379 3056 414 3110 ttu
427 3054 494 3114 lam
515 3051 561 3113 via
581 3050 788 3124 Pnessenseu,
811 3059 900 3131 atque
922 3050 1004 3114 domi
1025 3052 1185 3116 Panaenus
1209 3072 1282 3116 auro
1353 3099 1356 3112 l

430 3161 558 3224 Ornsrat
578 3161 725 3242 capulum.
769 3161 877 3224 Stabat
889 3161 953 3243 jam
974 3179 1079 3240 magna
1103 3161 1250 3246 contnuo,

431 3273 514 3347 Quae
535 3271 654 3334 niveum
675 3279 706 3332 et
725 3271 851 3332 maculis
873 3271 1045 3335 distinctum
1068 3271 1186 3351 insigne
1208 3273 1339 3352 gerebat,

428 3383 526 3462 Atque
546 3380 599 3456 illi,
622 3381 790 3443 admonitus
811 3380 905 3442 modii
928 3381 1037 3462 quibus
1058 3402 1110 3444 ora
1131 3382 1242 3448 rubore

428 3491 536 3554 Inficit
581 3492 606 3553 0
628 3491 731 3570 quales
749 3491 819 3566 viui,
842 3487 1056 3571 quos'turgida
1077 3493 1156 3554 lastn

377 3602 513 3666 tollens
535 3602 595 3680 egit
616 3600 754 3682 pessum!
777 3610 866 3681 atque
888 3601 993 3679 globos
1014 3602 1177 3682 praedivite
1199 3602 1236 3666 ab
1258 3621 1340 3678 auro,

427 3711 488 3774 Per
508 3729 584 3791 quos
604 3710 730 3773 lloaebat
750 3719 857 3792 coepto
878 3711 1029 3774 Florentia
1050 3713 1081 3774 in
1103 3711 1198 3774 emnil

428 3820 513 3884 Haud
536 3839 623 3883 secus
645 3821 764 3886 ittonam
785 3839 854 3884 sese
875 3821 1006 3901 gessisse
1028 3822 1165 3884 tenuntur

428 3931 541 4006 Patres,
564 3931 625 4013 qni,
648 3931 766 4010 quoties
788 3931 916 3994 ecclesia
937 3939 1035 3994 vestan
1055 3931 1179 4006 vacant,

427 4041 490 4122 Ipsi
511 4042 543 4103 in
565 4039 693 4104 concilio
715 4049 829 4103 stantes
851 4041 908 4104 sibi
931 4059 1040 4122 corpus
1063 4041 1187 4104 obesum

362 4160 412 4214 1⁰⁰
428 4152 581 4214 Curarant
623 4151 728 4214 lunata
750 4151 866 4226 domus,
889 4170 975 4232 quae,
997 4185 1038 4198 -
1060 4171 1093 4214 se
1115 4151 1206 4216 adua
1228 4160 1260 4214 ut
1282 4151 1388 4232 anguis

427 4261 573 4324 Attollens
594 4271 698 4324 contos
719 4262 880 4340 lugientem
902 4262 1117 4336 suscitatione,

346 4449 352 4458 μ
427 4371 522 4445 Nunc,
544 4371 570 4432 si
592 4373 660 4451 quis
681 4372 801 4434 nomem
823 4371 960 4434 ostendat
980 4371 1146 4434 loculumae
1168 4379 1333 4447 sonantem,

427 4480 555 4544 llitescit
575 4481 655 4544 velut
675 4499 770 4562 agnus
791 4481 882 4557 iners,
905 4515 945 4528 -
966 4490 1031 4546 tuna
1053 4499 1190 4546 crescere
1210 4480 1340 4564 primum
