3234 5396
632 505 765 554 Pantulst
787 505 822 555 lV.

124 597 389 610 ...............-..--

229 725 324 787 Posse
345 722 511 784 videbatur.
535 755 574 768 ·-
596 722 726 785 Danielis
748 741 831 784 more
852 721 984 784 Beiram

224 835 291 896 Usa·
308 841 362 903 eet,
385 833 435 912 qui
458 833 536 910 regis
559 840 677 912 seeptro
699 832 849 912 Babylona
872 835 1001 894 tenentis

225 944 303 1005 lram
326 942 472 1015 dissolvit,
494 942 625 1004 violenta
648 949 677 1002 et
699 941 799 1021 iniqua
819 941 965 1022 J'ubentis.

175 1074 207 1126 15
225 1055 320 1132 Atque
342 1052 398 1114 ait:
423 1052 505 1112 Haud
528 1052 659 1133 mejam
681 1052 756 1114 lallit
777 1063 806 1114 te
829 1051 899 1113 hine
922 1052 991 1115 iude
1014 1061 1195 1132 retorquens

227 1163 304 1226 Cura
326 1161 435 1241 duplex
456 1181 561 1241 pressa
583 1161 671 1234 intus,
694 1171 728 1224 ut
745 1170 826 1222 extra
848 1162 928 1224 nulla
950 1169 1091 1241 patescat.

269 1272 313 1334 'l'u
336 1270 381 1332 sio
404 1271 572 1333 concludis:
595 1271 676 1334 Boua
700 1271 726 1333 si
749 1272 856 1333 durare
876 1271 1012 1334 voluntas

227 1383 313 1444 Certa
336 1389 389 1452 est,
414 1398 468 1442 eur
488 1397 618 1460 unquam
637 1380 763 1442 ‘alterius
784 1379 924 1444 violentia
945 1381 1043 1460 possit

228 1491 418 1554 imminuisse
440 1490 563 1552 modum
583 1488 722 1552 meritis?
745 1490 813 1552 Tibi
834 1502 865 1552 et
886 1491 976 1554 altera
1000 1510 1071 1557 cura

176 1619 210 1670 20
228 1601 363 1682 Subjeeit
385 1600 538 1676 stimulos;
560 1601 602 1662 ita
624 1601 704 1664 enim
726 1619 860 1664 remeare
883 1600 1020 1662 videntur

227 1712 270 1773 ld
294 1711 395 1772 stellas
418 1709 542 1782 animae,
565 1719 598 1772 ut
619 1711 765 1772 sententia
788 1711 887 1789 prisce
909 1710 1041 1774 Platonis

227 1821 337 1883 lnnuit.
380 1821 439 1884 lsta
461 1829 583 1896 gravant
604 1820 720 1899 aequali
742 1821 875 1900 pondere
897 1828 1026 1884 mentem

228 1932 305 1992 Hinc
328 1937 416 2010 atque
439 1929 507 1991 inde
530 1930 593 1992 tibi.
638 1931 745 2002 Quare,
769 1949 843 2009 quae
867 1937 995 1992 extrema
1018 1928 1112 1992 labori

229 2042 305 2103 Sunt
326 2040 389 2113 tibi,
414 2039 558 2118 queisque
581 2038 684 2102 subest
704 2039 772 2118 plus
795 2038 883 2113 sellis,
905 2039 1001 2118 prima
1024 2041 1183 2122 resolvam.

178 2162 211 2214 25
272 2150 330 2223 Qui
352 2149 421 2230 plus
444 2168 480 2210 ex
502 2149 656 2228 Seraphim
679 2167 747 2210 sese
770 2149 964 2212 transformat
987 2149 1112 2212 eandem

125 2241 128 2252 ¹
227 2261 262 2322 ln
284 2261 425 2339 speeiem,
448 2279 464 2320 a
485 2277 554 2320 vera
576 2277 664 2338 quam
686 2258 766 2320 ducit
788 2259 916 2336 imagine
938 2259 1030 2338 patris

228 2368 377 2449 Supremi,
401 2369 511 2441 Moses,
536 2366 655 2430 Samuel
677 2379 765 2446 atque
789 2366 838 2430 ille
861 2368 1001 2442 loannes,

113 2456 116 2562 i
228 2481 296 2541 Nou
317 2478 410 2540 Maria
433 2486 564 2557 excepta,
586 2484 619 2539 tu
641 2483 739 2538 utrum
760 2477 844 2551 velis,
868 2478 954 2556 elige,
978 2478 1055 2551 dico,

229 2589 323 2652 Nemo
347 2587 423 2661 aliis,
446 2587 564 2649 animae
588 2605 675 2666 quam
698 2587 776 2661 illae,
799 2598 923 2667 quarum
947 2608 999 2650 ora
1019 2589 1148 2654 videnda

180 2709 213 2760 ³0
229 2701 294 2762 lluc
317 2704 520 2771 occurrerunt,
543 2697 674 2760 scamnis
697 2697 838 2778 considit,
859 2706 890 2758 et
910 2717 984 2762 aevo

123 2839 125 2844 v
228 2811 322 2871 Nemo
345 2808 445 2868 miuor
465 2807 564 2880 luerit,
587 2826 644 2868 nec
664 2806 823 2884 grandior3
846 2809 987 2870 omnibus
1008 2827 1087 2874 unns

229 2919 284 2981 Est
304 2918 399 2992 locus,
423 2924 511 2996 atquo
534 2916 622 2980 simul
644 2917 741 2996 primo
765 2916 837 2980 dant
858 2916 971 2994 fulgere
993 2919 1089 2992 coelo,

232 3029 319 3102 Quod
343 3028 493 3100 decorant,
517 3027 627 3088 cuncti.
671 3026 729 3088 Sed
755 3027 891 3107 quisquis
914 3027 1033 3106 dispare
1054 3047 1158 3090 norma

231 3139 353 3201 llulcem
376 3137 417 3198 ibi
442 3137 503 3215 agit
523 3137 623 3209 vitam,
645 3144 735 3216 prout
757 3136 852 3214 tangit
872 3137 1000 3217 plusque
1022 3137 1181 3220 minusque

181 3253 213 3308 ³5
230 3251 391 3311 Aeternum
412 3248 468 3308 hos
491 3247 610 3310 flamen.
653 3245 693 3306 Se
714 3245 766 3308 hic
787 3246 949 3329 exhibuere
969 3246 1112 3310 videndas

230 3359 302 3421 lllae
326 3357 452 3430 animae,
474 3375 536 3417 non
559 3357 638 3437 quod
662 3356 789 3435 sphaera
811 3357 887 3420 haee
908 3365 991 3418 sorte
1014 3356 1121 3435 obtigit
1141 3357 1227 3438 ipsis,

230 3469 285 3530 Ast
306 3476 339 3528 ut
361 3473 554 3546 quaerentem
576 3465 718 3527 coelestia
741 3483 862 3528 scamna
885 3465 1037 3540 docerent,

232 3578 316 3651 Quae
338 3575 437 3638 minus
459 3576 653 3638 adscendunt.
696 3575 829 3656 Namque
852 3576 927 3638 haec
949 3577 1014 3638 sola
1037 3585 1104 3656 apta
1126 3577 1244 3657 loquela

230 3689 285 3750 Est
305 3694 405 3748 vestro
428 3685 558 3764 ingenio,
582 3686 663 3764 quod
683 3693 796 3747 tantum
820 3705 836 3747 a
859 3685 999 3748 sensibus
1020 3687 1128 3762 haurit,

182 3805 215 3857 4ο
232 3799 315 3872 Quae
337 3797 463 3876 posthac
484 3795 578 3858 menti
600 3795 747 3858 committi
769 3796 857 3874 digna
879 3803 1038 3875 putantur3

119 3927 122 3934 ·
233 3909 299 3982 Quo
322 3906 417 3984 magis
438 3905 574 3984 indulget
593 3913 692 3966 vestro
714 3905 868 3985 Scriptura
889 3906 993 3984 vigori,

232 4020 347 4098 Datque
369 4016 522 4097 pedesque
544 4035 708 4095 manusque
729 4016 802 4090 ileo,
826 4024 856 4078 et
877 4015 1026 4079 contraria
1048 4035 1119 4080 uero
1223 4089 1224 4094 γ

231 4127 349 4206 Accipit
369 4127 444 4188 haec
467 4125 562 4187 aliter.
608 4122 659 4188 Sic
681 4134 782 4188 sancta
806 4126 935 4190 ecclesia
956 4126 1053 4206 pingit

232 4237 294 4299 Sub
316 4237 397 4298 vultu
419 4237 549 4298 humano
572 4235 748 4311 Gabrielem,
770 4236 904 4300 membra
924 4236 1062 4300 Michaeli

182 4359 215 4412 45
232 4347 383 4428 lippingit,
406 4346 501 4408 sicet
519 4346 606 4427 jusso
627 4364 734 4408 sanare
756 4346 891 4410 lobiam.

275 4458 341 4518 Non
362 4457 440 4519 hanc
462 4455 513 4520 ille
535 4455 612 4520 viam
633 4455 727 4520 voluit
748 4458 864 4522 calcare
885 4457 1037 4534 Timaeus,
