3362 5414
695 633 891 686 intentionum
907 636 931 685 V.

821 892 861 976 ll.

351 1072 401 1133 Sic
424 1071 496 1133 orbe
519 1091 555 1132 ex
576 1071 927 1151 primo,descendimuS‚
951 1072 1041 1153 inque
1063 1075 1226 1138 secundum

308 1166 464 1255 Venimus,
488 1182 585 1261 ampla
607 1181 707 1244 minus
729 1182 794 1244 loce
817 1183 1022 1262 complexum,
1044 1191 1133 1262 atque
1155 1185 1268 1247 doloris

308 1291 378 1353 Plus
401 1299 500 1363 tanto,
523 1291 651 1352 eldiotas
674 1291 790 1352 animas
813 1291 948 1369 cogentis
970 1301 1055 1354 acute

307 1401 387 1462 llore
412 1417 518 1462 oenum
540 1400 702 1478 ingemere.
746 1400 802 1463 llic
823 1403 921 1463 limos
944 1411 1015 1474 stat,
1040 1410 1070 1463 et
1090 1403 1230 1465 horridus
1252 1424 1305 1466 ore

275 1511 460 1590 5Ringitur3
482 1511 532 1571 hio
555 1510 658 1589 culpas
680 1509 850 1572 venientum
874 1511 977 1584 discit,
1001 1530 1113 1591 eosque

306 1621 439 1694 Iudicat,
463 1630 495 1682 et
514 1639 642 1700 prensos
665 1619 774 1692 mittit,
796 1629 886 1701 prout
907 1621 974 1701 ipse
996 1620 1132 1683 revinxit.

307 1731 381 1792 Nam
404 1730 481 1791 mule
504 1741 572 1791 nata
595 1731 694 1792 anima
716 1738 749 1791 ut
770 1749 871 1791 coram
894 1730 989 1802 stetit,
1012 1730 1078 1809 ipsa
1101 1732 1209 1793 latetur

215 1840 224 1850 '
309 1839 404 1902 Omne
427 1858 520 1918 genus
541 1840 630 1926 ritae.
675 1833 762 1902 runo
782 1839 825 1912 is,
844 1840 900 1918 ·qui
923 1840 1048 1902 crimina
1070 1841 1161 1912 norit,

308 1950 390 2023 Quae
413 1950 478 2010 loca
501 1949 639 2012 tartareis
662 1949 703 2011 sit
724 1948 812 2027 digna
835 1949 970 2011 habiture
993 1950 1049 2010 sub
1072 1951 1165 2011 antris

258 2068 290 2120 lt
306 2059 446 2139 Inspicit,
470 2077 505 2120 ac
526 2059 616 2120 toties
639 2077 707 2121 sese
731 2058 943 2136 glomeramina
966 2061 1077 2121 caudae

308 2169 421 2248 (lingit,
445 2177 518 2248 quot
539 2169 681 2246 gradibus
705 2169 871 2230 demersam
893 2168 1002 2246 degere
1020 2169 1121 2248 jussit.

307 2279 433 2358 Semper
455 2279 649 2340 circumstant
670 2277 750 2339 hune
771 2277 881 2338 multae
903 2279 1072 2357 adeuntque
1093 2279 1227 2342 vicissim

305 2387 470 2461 Judicium,
494 2406 616 2450 caussas
639 2395 743 2459 orant,
767 2386 916 2448 sententio
939 2405 1040 2448 eoram

306 2497 447 2570 Auditum
470 2504 532 2558 turn
554 2497 736 2577 praecipites
759 2497 814 2558 sub
838 2496 962 2559 Tartaro
985 2507 1119 2576 agimtur.

257 2611 289 2664 15
350 2605 373 2666 0
397 2615 443 2680 tu,
468 2607 519 2687 qui
540 2606 706 2686 hospitium
728 2607 880 2685 lugentum
902 2607 1013 2668 intrare
1036 2607 1165 2680 laboras,

306 2716 389 2793 (llis,
412 2716 463 2779 ubi
485 2733 533 2778 me
554 2717 643 2788 vidit,
666 2716 765 2778 verbis
788 2725 834 2780 est
856 2717 1003 2778 Gnossms
1027 2737 1107 2790 usuc,

307 2825 646 2888 Grandeministerium
669 2825 861 2906 abmmpens)
886 2845 971 2900 care,
995 2835 1025 2888 et
1047 2827 1163 2907 aspice,
1188 2828 1267 2908 quali

305 2936 410 2998 Fretus
433 2955 490 3016 ope
512 2936 571 2997 huc
592 2935 709 3008 reulus,
733 2936 831 2997 aditus
854 2955 909 2999 nec
932 2945 960 2998 te
983 2937 1080 3017 ampla
1099 2939 1240 3017 profundi

307 3045 390 3108 Ostia
414 3045 575 3126 decipiunt
598 3079 637 3088 -
662 3046 725 3106 llux
748 3055 851 3108 contra
873 3046 983 3108 talibus
1005 3047 1085 3109 iniit:

254 3165 289 3216 20
310 3156 388 3229 Quid
412 3156 530 3218 tandem
552 3152 719 3217 inclamas?
740 3156 834 3217 Fateli
857 3155 976 3229 desine,
999 3157 1107 3228 Minos,

305 3265 386 3328 llelle
408 3266 499 3327 istum
520 3265 681 3346 prohibere
702 3265 766 3335 ria3
789 3283 916 3345 namque
939 3266 990 3326 illa
1012 3274 1147 3344 potestas

305 3375 374 3438 Vult
394 3375 450 3447 ita,
475 3377 522 3438 cui
546 3377 644 3437 lacere
668 3383 715 3438 est
737 3376 816 3453 quod
838 3375 912 3440 vult.
937 3382 967 3434 et
988 3375 1072 3436 mitte
1095 3375 1209 3454 rogare

304 3485 461 3547 Ulteriora.
504 3485 592 3547 llodo
615 3484 719 3547 auditu
739 3482 911 3545 miserabile
933 3503 1052 3545 carmen

304 3595 432 3676 Incipit,
455 3595 547 3675 inque
569 3595 668 3656 locum
690 3593 780 3656 modo
802 3593 888 3666 veni,
910 3593 962 3654 uhi
984 3593 1131 3674 plurimus
1153 3609 1240 3657 aures

253 3715 287 3768 25
304 3706 445 3768 Peroellit
466 3706 601 3785 plangor.
646 3705 733 3767 Stant
754 3707 835 3765 omni
858 3723 873 3764 o
897 3703 1008 3766 lumine
1030 3713 1137 3777 mutue,

307 3815 388 3888 Quas
411 3833 513 3876 sumus
536 3814 679 3893 ingressi,
701 3814 793 3876 valles
815 3813 977 3892 mugitibus
1000 3814 1093 3887 ictae,¹

306 3925 368 3987 Ceu
390 3944 472 3985 mare
492 3925 659 3996 turbatum,
682 3923 770 3984 simul
792 3923 823 3984 iu
847 3923 996 3984 contraria
1018 3924 1097 3986 versi

303 4035 492 4096 Bacchantur
512 4034 602 4096 venti.
648 4033 707 4107 Qui
728 4033 837 4096 miscet
858 4034 997 4105 Tartara,
1019 4034 1107 4095 turbo

304 4144 454 4224 Tempore
476 4163 627 4224 nunquam
651 4144 710 4204 ullu
734 4142 874 4205 consistit
895 4143 1016 4223 agitque
1037 4143 1141 4222 rapina
1249 4167 1269 4212 ῃ

251 4268 286 4320 3⁰
304 4255 473 4333 Correptos.
487 4253 624 4327 animas‚.
641 4261 818 4333 torquetque
841 4252 954 4332 icitque
976 4248 1129 4314 molestus.

346 4364 384 4425 Ut
404 4372 524 4425 ventum
547 4371 615 4425 ante
638 4382 706 4425 oras
730 4363 805 4425 eltae
828 4363 1025 4442 immanisque
1048 4362 1152 4424 ruinae
1175 4373 1230 4436 est,
1268 4395 1270 4398 ·

303 4472 358 4535 llio
381 4472 508 4547 stridor,
531 4475 679 4553 fletusque
701 4472 788 4534 simul
812 4473 966 4552 tristisque
990 4473 1126 4552 querela3
1187 4456 1189 4461 ³
1238 4481 1240 4489 ⁴

254 4601 262 4607 ·
301 4582 357 4644 Hic
380 4583 529 4646 exsecrari
551 4589 648 4644 terrae
671 4581 806 4664 coelique
828 4591 991 4662 potentem.
