3214 5400
576 547 759 600 PURGATORH
776 549 823 600 XX.

152 781 183 835 25
200 768 324 830 Divitias
346 766 463 829 multas.
485 799 527 814 --
549 765 601 826 Sic
621 765 661 828 mi
683 765 823 845 placuere
845 765 982 846 loquelae

199 880 286 952 letae,
307 889 343 940 ut
362 876 561 956 progrederer
580 893 681 954 passu,
704 893 742 937 ne
764 877 885 938 nescius
908 895 1006 938 esrem

199 988 293 1062 illiue,
316 987 396 1048 unde
419 1005 527 1046 sonum
549 984 631 1046 vocis
652 985 770 1046 venisse
792 986 941 1065 putabam.

241 1099 295 1159 Ast
316 1115 352 1158 ea
373 1103 527 1176 praeterea
550 1093 726 1166 celebrabat,
752 1095 876 1156 sundere
897 1096 1009 1173 largam

198 1209 325 1271 Nrcocrr
347 1206 481 1268 dextram
503 1203 615 1266 teneris
638 1221 773 1268 servasse
795 1203 941 1284 pudorem

149 1331 182 1383 ao
197 1315 375 1393 Virginibus,
398 1314 488 1375 vitam
509 1312 662 1374 suadentis
682 1313 781 1374 vivere
803 1315 968 1376 honestam.

241 1425 266 1488 0
290 1442 365 1504 quae
387 1431 446 1486 tam
467 1422 602 1503 pulobris
624 1423 814 1484 sermonibus
836 1423 938 1497 uteris,
961 1425 1089 1507 inquam,

198 1535 253 1598 [iic
273 1534 358 1608 mibi,
371 1551 457 1613 ·quae
480 1531 583 1604 fueris,
606 1531 664 1604 dic,
689 1548 743 1592 cur
763 1540 796 1594 tu
818 1532 882 1594 sola
903 1541 1018 1595 retexas

198 1645 271 1707 Tam
293 1644 397 1722 dignas
420 1642 540 1716 landes3
562 1659 661 1720 neque
683 1642 763 1702 enim
784 1641 915 1704 fraudata
937 1641 1072 1704 manebis

196 1754 341 1828 Mercede,
362 1753 436 1814 haee
457 1751 558 1824 fando,
581 1751 684 1812 reduci
708 1752 734 1812 si
756 1751 875 1831 explere
896 1751 999 1814 licebit

148 1878 180 1934 ³5
196 1864 291 1945 Hujus
312 1862 354 1924 mi
376 1862 466 1922 breve
488 1862 544 1922 iter
564 1859 652 1932 ritae,
677 1877 753 1939 quae
775 1863 812 1922 ad
836 1862 949 1923 funeris
970 1862 1074 1924 boram

195 1973 398 2052 Praecipitans
420 1971 498 2033 volat
520 1977 691 2032 extremam.
713 2001 756 2016 --
777 1970 858 2032 Haec
878 1969 951 2031 mibi
973 1969 1041 2033 talia
1066 1980 1182 2034 contra:

194 2085 261 2147 Non
284 2082 365 2163 quod
387 2100 442 2159 ego
465 2079 627 2161 quidquam
648 2097 784 2142 maneam
805 2080 959 2141 solaminis
980 2079 1059 2151 inde,

194 2193 306 2266 Dicam,
329 2200 359 2253 at
380 2191 460 2270 quod
482 2197 562 2251 tanta
586 2190 677 2252 donat
699 2199 727 2250 te
748 2189 840 2268 gratia
862 2189 939 2262 luce,

193 2305 269 2366 Ante
292 2309 421 2363 extrema
443 2300 496 2363 tibi
520 2319 608 2378 quam
630 2300 719 2360 vitam
741 2298 929 2360 abscinderet
950 2309 1044 2360 aetas.

146 2428 178 2482 to
236 2413 364 2475 Radices
385 2409 462 2472 male
484 2417 550 2470 nata
573 2427 641 2469 mco
664 2409 701 2469 de
724 2408 824 2488 stipite
846 2409 946 2488 planta

195 2523 306 2596 Traxit,
329 2518 529 2584 christiadum
551 2537 627 2598 quae
648 2517 766 2580 cunctis
787 2518 883 2581 officit
902 2517 1007 2579 umbra

194 2633 305 2704 Terris,
327 2638 360 2692 ut
380 2649 449 2691 raro
471 2628 582 2690 laetum
604 2629 643 2690 sit
665 2645 788 2708 carpere
810 2629 948 2689 fructum.

192 2746 229 2807 At
251 2743 276 2804 si
300 2740 370 2820 quid
393 2739 477 2800 Liloa
497 2739 672 2817 Brugaeque
695 2757 731 2799 ao
752 2747 867 2800 caetera
890 2746 1015 2816 possent

194 2851 311 2932 Oppida
334 2857 420 2929 capta
442 2847 665 2920 manchester,
687 2867 756 2910 mox
778 2851 884 2910 afforet
906 2847 1000 2920 triton

144 2973 176 3028 45
194 2961 280 3037 Quod
302 2978 404 3038 regem
426 2977 529 3038 posco,
553 2958 604 3037 qui
626 2965 749 3020 carnotus
768 2959 885 3039 judicat
904 2976 1026 3036 aequus.

192 3073 308 3142 Nomen
329 3069 409 3150 apud
430 3075 547 3130 vestros
569 3067 653 3129 Hono
676 3069 808 3130 Cereres
830 3066 992 3140 babebam3

191 3183 235 3244 Ex
256 3199 305 3242 me
327 3186 397 3240 sunt
419 3177 485 3250 orti,
509 3177 560 3256 qui
581 3193 751 3254 regnavere,
773 3177 923 3246 Parmani,

192 3291 230 3352 Et
251 3290 301 3370 qui
324 3307 421 3378 nuper
441 3287 563 3348 Anorsn
586 3287 641 3348 sub
662 3287 785 3348 nomine
806 3292 940 3362 regnaut.

192 3402 261 3482 lpse
283 3398 435 3460 Parisiaoo
458 3396 536 3458 lanio
558 3403 722 3476 prognatus
743 3396 773 3458 in
797 3413 883 3456 auras

145 3527 176 3580 50
192 3509 328 3573 Lmniuis
351 3507 436 3579 exiri,
459 3507 572 3586 antiqui
594 3525 653 3587 quo
676 3513 809 3584 ternpore
831 3520 918 3579 reges

192 3621 347 3683 Detinuere
369 3635 484 3689 omnes,
506 3624 629 3696 excepto
653 3616 704 3696 qni
725 3616 822 3676 induit
842 3622 923 3676 artus

193 3731 361 3793 Obscurum
384 3726 494 3788 cineris
514 3745 613 3806 panno
634 3726 781 3787 referente
802 3724 943 3796 colorem,

193 3842 285 3921 loque
308 3857 373 3900 mea
394 3836 472 3897 bene
495 3838 578 3898 firma
600 3855 688 3898 manu
710 3855 758 3898 me
780 3835 864 3896 irena
887 3841 1036 3926 tenentem

191 3949 313 4031 Imperii
335 3947 404 4020 ridi,
427 3965 462 4008 ac
484 3954 565 4008 tanta
585 3965 635 4008 me
656 3946 735 4007 mole
756 3945 883 4025 potitum

143 4066 175 4120 be
190 4062 345 4123 Partarum
366 4075 462 4136 nuper
483 4075 592 4131 renuo,
615 4063 652 4128 et,
676 4055 754 4135 quod
777 4057 916 4134 praestat,
938 4052 1052 4122 amicis,

191 4169 228 4232 Ut
250 4167 341 4248 capiti
363 4165 425 4228 nati
447 4165 596 4228 viduatum
617 4165 756 4245 principe
777 4172 888 4226 serturn

191 4277 367 4360 impositum
389 4276 480 4339 inerit
499 4275 604 4347 nostri,
627 4282 716 4354 atque
737 4295 773 4336 ex
795 4273 914 4336 ossibus
936 4270 1025 4351 hujus

190 4387 376 4468 Principium
397 4395 511 4450 barne
533 4403 618 4448 snum
641 4383 766 4446 istorum
788 4403 858 4446 ossa
879 4389 1003 4444 sacrata.

191 4497 351 4578 Sanguinis
375 4495 569 4578 opprobrium
591 4495 688 4558 donce
708 4513 768 4556 non
792 4490 915 4556 abstulit
936 4491 1041 4568 ingens
