3236 5394
353 557 393 621 72
786 557 980 609 rusunnonutt
996 557 1054 608 xlx.

416 777 511 856 thue
534 776 643 838 micare
665 776 761 838 solent
781 795 830 838 res
852 788 973 849 unctae,
997 786 1084 855 atque
1105 774 1203 854 vagari

417 885 566 947 Summam
587 884 751 951 lambentes
772 887 889 948 damma
911 886 1113 948 tantummodo
1136 885 1258 964 pellem:

367 1008 400 1060 eo
417 995 467 1057 Sic
488 995 551 1056 illie
572 1003 635 1057 erat
656 1014 672 1056 a
696 995 754 1056 telo
775 1013 870 1076 usque
894 995 929 1056 ad
953 995 1069 1075 pollicis
1090 1012 1229 1074 unguem.

460 1104 543 1166 runc
564 1121 636 1182 ego:
658 1104 728 1177 uie,
751 1103 870 1177 doctor,
894 1104 1030 1184 quisnam
1052 1103 1093 1179 is,
1117 1104 1167 1185 qui
1190 1103 1234 1166 sie
1256 1105 1342 1178 furit,
1362 1111 1450 1184 ,atque

418 1217 491 1278 Sese
513 1221 688 1294 contorquet
708 1213 776 1294 plus
798 1232 886 1294 quam
907 1213 965 1275 sihi
987 1215 1120 1294 proxima
1142 1213 1254 1276 turbe·

417 1325 562 1397 Consors,
586 1329 616 1384 et
636 1341 724 1402 quem
744 1323 861 1385 tlamma
883 1322 977 1400 magis
998 1323 1086 1384 rubra
1107 1321 1188 1402 sugit
1208 1318 1368 1386 adustum?

416 1435 453 1494 m
474 1441 593 1494 contra:
616 1431 648 1494 si
670 1433 747 1493 torte
769 1443 870 1511 optas,
893 1431 936 1493 ait
956 1431 1022 1504 ille,
1045 1431 1100 1494 snb
1123 1432 1211 1494 istam

367 1554 399 1608 35
415 1542 537 1622 Ripam,
560 1559 634 1621 quae
656 1540 762 1602 melius
780 1542 880 1622 jacet,
902 1541 980 1603 hand
1003 1548 1032 1603 te
1054 1541 1131 1604 lerre
1153 1559 1300 1604 recusem.

416 1651 458 1713 lle
481 1671 513 1712 se
535 1651 630 1731 deque
652 1650 714 1712 suis
735 1651 898 1713 malefactis
920 1651 986 1731 ipse
1006 1651 1152 1730 loquetur.
1305 1721 1312 1736 .

415 1759 475 1822 llos
496 1760 568 1822 mihi
590 1761 654 1822 sola
675 1759 787 1840 placet,
811 1779 886 1840 quae
907 1767 937 1822 te
955 1760 1050 1840 jurat,
1073 1759 1144 1822 huie
1166 1778 1220 1839 ego
1242 1759 1318 1835 dixi,

417 1871 462 1931 Tu
483 1869 621 1931 dominus
643 1869 729 1944 mibi,
752 1878 782 1931 tu
805 1870 865 1932 scis
887 1889 935 1932 me
957 1870 1111 1931 discedere
1133 1887 1283 1948 nimquam

418 1978 550 2042 Consilio
572 1979 742 2059 optatisque
762 1979 837 2052 tuis,
861 1979 980 2058 seisque
1002 1979 1083 2058 ipse,
1107 1974 1229 2040 tacenda

367 2106 401 2157 40
419 2089 501 2161 Quae
522 2107 591 2149 reor
612 2105 679 2149 esse
701 2088 784 2150 milri.
806 2123 847 2132 —
871 2088 947 2150 'lum
969 2088 1064 2168 quarti
1088 2087 1216 2150 eulmina
1237 2088 1305 2150 valli

418 2197 593 2260 Seundimus
616 2205 646 2260 et
666 2198 741 2260 laevi
764 2197 986 2272 descendimus,
1010 2197 1110 2259 intima
1132 2199 1241 2272 fossae,

417 2306 507 2368 Plena
530 2307 724 2369 foraminibus
746 2307 810 2370 loca
832 2325 969 2370 necnon
993 2315 1072 2390 oreta
1094 2307 1236 2386 legentes.

418 2417 656 2496 Praeceptorque
677 2416 773 2477 honus
795 2417 942 2479 sublatum
964 2417 1096 2496 pondere
1118 2424 1181 2478 toto

417 2525 555 2588 Nondum
575 2544 623 2587 me
646 2525 759 2604 posuit,
783 2527 878 2588 donec
899 2526 1034 2606 persenit
1055 2527 1092 2587 ad
1114 2544 1212 2588 aream

267 2699 270 2704 ,
314 2721 316 2726 ¹
368 2647 402 2700 45
418 2636 544 2715 Ruptam
566 2635 610 2696 sic
632 2634 754 2708 misere,
773 2635 913 2715 jactando
936 2655 1036 2710 crura,
1060 2635 1199 2698 dolentis.

461 2743 604 2823 Quisquis
627 2763 674 2817 es,
697 2745 770 2818 heu,
792 2745 889 2825 capite
911 2745 1028 2808 inverso
1052 2745 1103 2826 qui
1123 2745 1255 2807 membre
1277 2763 1405 2826 superne

419 2853 563 2916 interiora
587 2861 685 2926 tenes,
709 2853 805 2916 anima
828 2854 977 2934 improba,
1001 2874 1084 2917 more
1107 2855 1264 2935 modoque,

421 2963 487 3035 Quo
510 2962 539 3024 in
562 2970 639 3024 terra
661 2963 747 3043 palus
769 2957 922 3042 deligitur,
944 2965 1019 3026 haee
1041 2982 1095 3042 ego
1118 2963 1173 3026 lari

421 3071 527 3150 Coepi,
552 3073 598 3134 lac
620 3073 744 3151 prodas,
767 3081 812 3135 est
834 3073 860 3134 si
882 3073 937 3134 tibi
959 3073 1060 3152 eopia,
1082 3091 1194 3135 rocem.

371 3198 403 3250 50
420 3181 579 3244 Adstabem
600 3188 632 3242 ut
653 3183 758 3256 trater,
781 3201 834 3244 sua
858 3200 927 3243 cum
945 3183 1099 3245 malefacta
1122 3184 1263 3244 latentem

419 3291 578 3352 Latronem
600 3291 745 3352 auscultat
765 3293 881 3366 fictum,
905 3291 971 3371 qui,
993 3291 1045 3353 ubi
1067 3293 1181 3369 ligitur,
1205 3310 1306 3354 aurem

420 3400 603 3478 Indulgentis
618 3401 720 3462 edhuc
742 3401 855 3481 poscit,
879 3419 955 3480 quae
977 3420 1083 3464 caussa
1105 3401 1264 3464 morandus

420 3509 523 3570 Mortis
546 3510 608 3572 sola
630 3509 742 3572 subest
785 3510 839 3570 llle
861 3519 960 3597 autem
981 3507 1071 3572 eorde
1092 3511 1240 3590 profundo

422 3620 586 3682 Clamorem
608 3621 734 3693 ducens,
758 3619 872 3699 inquit:
895 3621 978 3682 Tune
1001 3619 1032 3682 in
1052 3621 1129 3700 pede
1151 3627 1250 3682 rectus
1315 3622 1317 3626 ’

372 3739 404 3793 55
421 3728 477 3792 llic
495 3729 556 3809 jam
579 3749 627 3802 es,
648 3726 812 3790 Bonrrser?
835 3729 918 3792 Tune
938 3729 988 3792 hie
1011 3749 1043 3791 es
1062 3730 1125 3810 jam
1146 3730 1177 3790 in
1198 3729 1275 3809 pede
1296 3725 1418 3794 reclusi

421 3838 466 3899 Me
488 3837 588 3918 plures
610 3857 704 3901 annos
726 3839 817 3917 igitur
837 3839 959 3901 mentita
982 3838 1089 3900 fefellit

421 3947 543 4026 Pagina,
588 3949 661 4009 'lam
682 3947 742 4010 cito
765 3948 876 4010 divitiis
899 3949 1023 4011 satiatus
1046 3948 1145 4023 abisti,

424 4057 504 4129 Quas
526 4065 649 4138 propter
669 4076 728 4122 non
751 4077 784 4120 es
806 4059 917 4121 veritus
940 4058 993 4120 tibi
1013 4059 1137 4140 jungere
1159 4057 1263 4120 fraude

421 4166 577 4245 Egregium
599 4169 692 4230 forma
715 4185 871 4248 sponsam,
895 4187 982 4248 quam
1004 4168 1111 4232 deinde
1132 4168 1260 4248 parabas

371 4288 405 4340 co
422 4273 572 4336 Perdere?
594 4310 634 4320 -—
656 4277 721 4340 Non
744 4297 831 4340 secus
853 4295 887 4338 ec
910 4278 959 4356 qui
983 4289 1064 4339 stans
1087 4278 1290 4340 accommodet
1311 4295 1406 4348 aures,

421 4384 487 4445 Non
509 4397 718 4465 percepturus,
741 4387 799 4448 sihi
821 4404 897 4466 quae
918 4406 1063 4468 responsa
1084 4399 1205 4466 rogatus

421 4493 545 4568 Reddit,
568 4504 597 4556 ut
621 4496 725 4558 illusus
747 4497 858 4569 nescit,
881 4515 956 4576 quae
978 4479 1066 4560 rerba
1089 4498 1235 4560 remittat:
