3214 5400
617 549 798 598 l’UllGthlltll
817 550 857 599 ΙΙΙ.

239 759 385 842 Quodque
409 765 480 826 lacit
501 766 598 844 prior,
622 776 651 828 et
673 766 785 828 iaciunt
805 786 866 827 uno
889 767 992 829 ordine
1015 776 1147 840 cunctae,

189 867 220 920 75
237 870 351 933 llensae
374 873 505 935 humeris
528 875 598 936 huic
619 876 655 937 ad
678 877 814 947 dorsum,
838 876 865 937 si
887 878 963 939 lorte
985 885 1125 950 moratur,

236 980 429 1060 Simplicitate
451 984 515 1064 pari
539 984 669 1057 dociles,
691 986 859 1065 pariterque
881 987 1009 1064 quietae,

236 1091 330 1168 Atque
353 1092 384 1152 id
406 1093 457 1171 qui
480 1094 634 1172 ignorant:
657 1113 712 1172 ego
736 1105 805 1157 tunc
827 1094 969 1158 accedere
991 1096 1059 1168 vidi,

236 1199 293 1272 Qui
317 1209 406 1279 caput
427 1203 507 1264 illius
529 1203 627 1281 gregis
650 1203 713 1264 ibet
734 1213 814 1265 sorte
835 1205 913 1266 beati

236 1309 384 1372 Gestantis
407 1311 520 1390 pariter
541 1313 632 1374 decus
654 1313 790 1384 incessu,
814 1333 865 1374 ore
886 1315 1040 1392 pudorem.
1344 1334 1347 1422 q

186 1432 219 1485 8⁰
236 1420 341 1481 Verum
364 1428 396 1481 ut
416 1421 499 1482 hurni
520 1422 616 1484 lucem
638 1441 709 1501 prae
733 1442 765 1483 se
786 1422 887 1484 videre
909 1430 1073 1494 retractem,
1343 1427 1347 1513 l

234 1530 279 1591 lle
300 1531 436 1592 dextrum
459 1530 618 1612 objiciente
639 1532 810 1604 humerum,
834 1532 886 1611 qui
907 1532 1076 1593 extenderat
1096 1532 1228 1595 umbram
1343 1526 1347 1607 l

233 1640 255 1700 Α
279 1659 326 1701 me
348 1641 384 1702 ad
407 1640 595 1720 speluncam:
618 1658 691 1717 gens
714 1641 812 1702 omnis
835 1641 962 1714 restitit,
984 1659 1018 1702 ac
1040 1661 1073 1702 se
1343 1612 1346 1671 l

233 1750 357 1811 Paulum
379 1751 511 1824 retraxit,
535 1751 725 1830 reliquaeque
747 1749 824 1812 hanc
845 1769 924 1830 pone
946 1760 1073 1824 secutae,

233 1859 371 1937 ignarae,
395 1879 485 1939 quare
508 1861 537 1922 id
560 1862 657 1932 tieret,
681 1879 800 1922 cessere
822 1860 952 1921 vicissim

183 1981 215 2034 85
232 1969 331 2031 Reno.
358 2003 391 2012 ·-
417 1971 459 2030 lle
480 1971 587 2032 vestris
611 1988 786 2049 quamquam
808 1988 855 2030 me
877 1989 964 2031 nemo
986 1971 1107 2045 rogavit,

232 2079 334 2152 llunc,
358 2099 446 2158 quern
469 2079 637 2159 suspicitis,
661 2088 780 2141 terreno
802 2097 928 2156 corpore
950 2097 1076 2158 opacum

231 2189 307 2249 Esse
330 2204 396 2264 ego.
409 2189 568 2260 confiteor,
591 2207 646 2268 per
668 2207 756 2268 quern
778 2188 867 2250 modo
890 2189 960 2250 lissa
981 2188 1096 2250 videtur

230 2299 294 2359 Lux
316 2299 423 2359 solaris
446 2298 538 2358 humi.
583 2298 680 2358 llirari
703 2298 850 2370 absistite,
874 2307 903 2358 et
924 2299 1020 2377 ipsum

230 2408 296 2468 Non
319 2409 385 2468 sine
407 2407 536 2468 demissa
559 2407 633 2469 coeli
655 2407 761 2468 virtute
783 2416 882 2485 putate

115 2545 117 2588 ι
181 2528 213 2580 90
232 2513 398 2590 Quaerere,
422 2537 480 2596 qua
502 2525 625 2596 superet
645 2517 794 2578 munimen
815 2517 936 2597 parietis
959 2518 1058 2598 hujus,

229 2626 310 2688 Talia
333 2635 519 2706 praeceptor.
562 2627 734 2706 dignusque
756 2627 901 2688 exercitus
923 2627 989 2688 ille:

228 2739 314 2798 Ferte
337 2737 426 2815 igitur
448 2754 568 2815 gressus
591 2745 670 2797 retro
694 2736 840 2815 nobisque
861 2738 982 2816 praeite,

227 2847 405 2926 Respondit,
428 2846 520 2908 dorso
542 2864 682 2908 manuum
705 2847 784 2908 velut
805 2847 902 2908 indice
924 2855 1014 2908 tanto.

268 2958 350 3019 Unus
373 2965 402 3016 at
424 2955 538 3016 exiliis
561 2955 674 3034 coepit:
698 2955 873 3035 Quicunque
896 2959 1009 3019 vocaris

177 3077 209 3129 95
227 3069 272 3129 Tu
294 3069 339 3128 sic
360 3065 519 3137 incedens,
544 3063 648 3125 oculos
671 3075 807 3126 converte
829 3072 940 3145 tuoque

226 3179 312 3240 Volve
336 3175 449 3248 animo,
473 3194 508 3235 an
532 3174 628 3235 vultus
651 3174 710 3235 illic
732 3176 920 3253 perspexeris
941 3191 1070 3256 unquam

225 3278 376 3342 Nostros?
398 3285 526 3364 Respexi
548 3285 642 3359 figens
664 3303 729 3345 mea
750 3285 861 3346 lumina
883 3285 912 3345 in
936 3285 1029 3347 illum.

224 3391 331 3453 Flavus
355 3403 431 3467 erat,
454 3394 595 3474 pulcher,
619 3395 711 3454 sonna
734 3394 914 3472 spectandus
935 3395 1069 3465 honesta,

224 3502 324 3580 Deque
348 3503 515 3582 superciliis
538 3522 628 3563 unum
651 3503 789 3564 diviserat
810 3503 900 3564 ensis.

160 3618 207 3671 tuo
265 3612 350 3674 Vultu
374 3614 425 3674 ubi
446 3613 577 3676 demisso
600 3632 647 3673 me
669 3632 798 3692 unquam
819 3613 929 3675 vidisse
952 3613 1067 3691 negavi:

224 3721 324 3795 illurn,
347 3724 456 3804 inquit,
479 3715 696 3802 cernel'atque
718 3724 748 3783 in
772 3741 886 3784 summo
909 3729 1030 3800 pectore
1051 3722 1157 3784 vulnus

223 3831 362 3893 Ostendit
383 3833 560 3912 ridensque:
585 3833 644 3910 ligo
669 3851 733 3893 surn
756 3833 963 3902 Manrnnnrus,
986 3832 1074 3904 addit,

221 3940 426 4020 lnduperatrin
449 3961 537 4022 quem
560 3942 730 4003 Constantia
753 3942 832 4003 lassa
853 3950 991 4020 nepotem
1014 3953 1068 4002 est

222 4051 319 4123 Quare
343 4071 396 4112 oro
419 4027 469 4122 ut,
490 4059 602 4112 vestras
625 4050 768 4113 simulac
791 4051 931 4113 remearis
953 4051 988 4112 ad
1010 4051 1110 4122 urbes,

156 4168 202 4220 105
219 4161 378 4223 Pulchram
400 4163 488 4222 adeas
510 4169 622 4234 natam,
647 4181 720 4240 quae
742 4161 772 4221 in
795 4161 915 4221 luminis
938 4161 1030 4221 edidit
1050 4178 1136 4222 auras

218 4270 368 4349 llispanae
391 4280 420 4332 ct
442 4269 557 4332 Siculae
581 4271 676 4348 gentis
698 4271 857 4350 lumenque
879 4272 1041 4350 decusque,

218 4379 263 4441 llli
285 4389 318 4442 ut
340 4399 408 4442 vera
430 4399 535 4452 canas,
560 4381 586 4440 si
608 4379 675 4462 quis
698 4381 844 4442 contraria
867 4389 973 4441 narrat.

217 4491 378 4570 Postquam
401 4509 453 4552 me
470 4489 603 4565 geminae
625 4489 706 4550 letali
728 4489 846 4550 vulnere
868 4489 971 4569 plagae

101 4631 105 4682 l

103 4685 685 4701 κ--η-..-.-.--μ.-...-..-.-.--
692 4695 702 4700 -

1167 4589 1218 4644 ld*
