3234 5396
325 477 388 540 243
711 555 713 560 Ι
754 475 936 528 renarrem
953 477 1031 528 xxm.

270 569 274 608 Ι

269 612 273 768 l
394 697 545 770 Quantum
566 694 751 774 profundunt
771 711 807 756 ex
829 693 947 774 dupliee
968 702 1051 774 parte
1072 695 1218 758 reclusae.

270 775 273 814 Ι
392 804 437 868 Ex
457 821 517 866 una
537 805 667 884 erumpit
687 802 794 866 fluvius
815 803 923 866 virtute
943 805 1084 884 repletus,

394 913 453 987 Qui
474 913 551 976 maie
573 914 718 976 santorum
740 921 914 976 cunctorum
936 913 1044 976 oblivia
1067 915 1196 994 spargite

328 1039 376 1092 let)
393 1023 437 1085 Ex
458 1023 524 1095 alia,
547 1022 597 1102 qui
621 1023 671 1084 dat
691 1040 831 1086 remeare
853 1031 883 1086 et
903 1041 1026 1086 eernere
1047 1032 1147 1086 mente

395 1133 502 1196 Onmia
523 1133 599 1196 faeta
621 1132 671 1212 pie
693 1141 724 1194 et
745 1141 836 1196 caste.
880 1132 1039 1206 Quiane,
1063 1135 1184 1196 nomine
1205 1134 1317 1197 Lethes
1370 1159 1372 1166 ,

394 1243 522 1318 Dicitur3
544 1243 676 1314 Euneos,
699 1242 751 1322 qni
772 1242 870 1304 illine:
893 1249 1058 1322 neuterque
1078 1261 1164 1306 suam
1185 1244 1244 1306 rim

394 1353 528 1425 Exercet,
550 1352 610 1414 nisi
632 1353 659 1414 si
680 1361 748 1414 ante
770 1351 879 1432 aliquis
899 1352 1036 1430 degustet
1056 1359 1225 1433 utrumque.

394 1464 432 1525 Et
453 1479 543 1543 sapor
565 1461 652 1524 istius
674 1471 796 1541 superat
817 1479 910 1540 genus
932 1479 1020 1524 omne
1042 1481 1201 1541 saporum3

272 1553 276 1726 ι
330 1585 378 1640 rad
394 1573 431 1636 Et
454 1571 586 1652 quamvis
607 1579 736 1634 saturata
758 1571 830 1634 satis
852 1579 901 1632 tna
923 1570 1030 1634 dedere
1052 1572 1149 1652 possit

394 1684 459 1746 Jam
482 1681 555 1754 sitis,
578 1680 657 1744 haud
678 1679 754 1742 ultra
775 1698 823 1742 me
845 1679 887 1741 nil
908 1687 1060 1757 retegente
1082 1684 1220 1756 recentis,

396 1792 429 1854 ld
451 1790 504 1852 tibi
526 1789 683 1870 praestabo
706 1790 807 1868 gratis,
831 1790 911 1868 quod
934 1807 1084 1871 nonaeque
1105 1811 1206 1854 rerum

396 1902 435 1964 Mi
459 1899 565 1962 suadet
586 1899 680 1968 ratior
703 1898 758 1960 tibi
778 1917 834 1962 nee
857 1901 921 1962 iore
943 1900 1021 1964 dieta
1041 1902 1161 1980 putabis

396 2012 462 2074 Jam
483 2029 550 2072 mea
572 2026 640 2094 earn
662 2008 770 2085 minus,
793 2009 820 2072 si
842 2009 917 2072 haee
939 2011 1140 2090 exspatientur
1161 2023 1264 2092 aperte
1301 2041 1303 2048 ·

333 2142 380 2194 130
396 2121 479 2184 Ultra
500 2120 692 2200 promissum.
735 2118 867 2193 Veteres,
890 2121 941 2198 qui
963 2120 1080 2184 saecula
1102 2130 1184 2184 rates

396 2233 493 2294 Aurea
516 2236 680 2301 cantarunt,
702 2229 872 2309 victumque
894 2236 1065 2311 statumque
1086 2230 1205 2293 beatum

396 2338 485 2402 Forte
506 2339 538 2400 in
559 2340 717 2413 Parnasso,
740 2347 811 2400 sunt
832 2341 948 2404 somnia
970 2359 1044 2402 vana
1066 2340 1172 2404 seeuti.

396 2438 530 2511 Humana
552 2448 602 2509 hie
622 2449 704 2511 radix
727 2467 847 2529 semper
868 2449 923 2511 suit
943 2450 1066 2529 integra,
1089 2469 1209 2530 semper

401 2561 456 2622 Hie
477 2578 537 2632 ver,
560 2559 610 2620 hie
631 2559 727 2638 quivis
749 2560 872 2632 ferretne,
896 2577 1032 2638 quaeque
1053 2560 1096 2622 ire
1118 2561 1228 2622 dnenta

335 2678 383 2734 1³5
401 2669 534 2732 Nectaris
557 2677 586 2730 et
607 2669 697 2730 vestri
719 2669 831 2732 dieunt.
874 2669 960 2732 Tune
981 2670 1047 2748 ipse
1068 2678 1174 2750 poetas

279 2783 281 2806 ¹
402 2779 531 2859 Respeni
552 2778 687 2852 comites,
710 2787 741 2842 et
760 2779 837 2841 laeto
859 2797 921 2840 nen
943 2779 1007 2840 sine
1028 2780 1093 2841 risu
1190 2817 1197 2833 ·

403 2889 566 2970 Accepisse
587 2887 656 2952 illes
679 2889 803 2968 eognovi
825 2889 899 2952 haee
921 2889 1021 2952 ultima
1045 2890 1132 2952 dieta.

404 3000 517 3062 Deinde
539 2998 636 3061 ocutis
657 2998 734 3060 redii
755 2997 793 3062 ad
814 3007 1014 3078 praestantem
1037 3018 1164 3080 enrpore
1189 3000 1298 3062 divam.

1153 567 1486 582 ..Q—mm

406 3443 571 3504 recanere
593 3439 743 3511 insistens,
766 3457 822 3500 eeu
842 3439 954 3518 percita
976 3459 1076 3502 amore
1099 3440 1206 3519 puella,

407 3549 514 3630 Hymni
537 3548 592 3610 sub
613 3549 704 3609 finem
724 3566 865 3611 numeres
885 3549 1048 3610 medulata:
1071 3550 1164 3621 Beati,

407 3659 552 3733 Addebat,
574 3677 703 3740 quoram
724 3669 796 3720 sant
817 3663 896 3721 vitae
917 3664 1043 3722 erimina
1065 3670 1152 3722 reete.

408 3773 451 3832 Ae
472 3769 562 3832 veluti
584 3768 738 3848 nymphae,
761 3789 837 3849 quae
858 3769 940 3830 selae
959 3768 1100 3830 umbrosa
1121 3777 1263 3845 vagantur

377 3882 468 3942 5Per
489 3896 621 3952 nemora,
643 3878 700 3940 hae
721 3879 846 3958 cupidae
868 3878 963 3940 solem
982 3879 1084 3950 vitare,
1107 3880 1182 3940 tueri
1257 3901 1268 3922 ·

410 3988 498 4065 illae,
519 3997 591 4052 tune
612 4008 728 4052 amnem
750 3996 852 4050 eontm
874 3988 997 4066 vestigia
1019 3989 1111 4050 movit

412 4106 471 4168 Per
492 4103 596 4179 ripam.
640 4099 782 4162 Brevibus
804 4098 987 4176 gradientem
1009 4117 1064 4176 ego
1086 4098 1225 4178 passibus
1247 4116 1343 4178 aeque

413 4215 555 4278 Passibus
577 4213 655 4274 hane
674 4209 813 4271 brevibus
835 4207 959 4288 propius
980 4207 1133 4282 sentabar3
1155 4217 1186 4269 et
1206 4209 1283 4270 inter

415 4325 512 4406 {psius
534 4331 622 4402 atque
643 4339 727 4381 meos
750 4318 868 4380 centeni
888 4319 935 4378 vix
955 4317 1032 4379 hene
1053 4337 1163 4398 passas

366 4447 397 4498 1⁰
413 4437 588 4504 Intererant,
612 4450 677 4492 enm
700 4432 744 4492 sie
765 4447 833 4490 sese
855 4427 919 4507 ripa
939 4437 1063 4508 utraque
1084 4428 1179 4500 torsit,
1264 4449 1269 4462 ¹

275 2267 281 2531 i

324 3377 327 3384 ¹
565 3247 567 3250 ’
778 3123 787 3150 x
879 3255 993 3342 xxix.
