<?xml version="1.0" encoding="UTF-8"?>
<!DOCTYPE html PUBLIC "-//W3C//DTD XHTML 1.0 Transitional//EN"
    "http://www.w3.org/TR/xhtml1/DTD/xhtml1-transitional.dtd">
<html xmlns="http://www.w3.org/1999/xhtml" xml:lang="en" lang="en">
 <head>
  <title>
</title>
<meta http-equiv="Content-Type" content="text/html;charset=utf-8" />
  <meta name='ocr-system' content='tesseract 3.04.00' />
  <meta name='ocr-capabilities' content='ocr_page ocr_carea ocr_par ocr_line ocrx_word'/>
</head>
<body>
  <div class='ocr_page' id='page_1' title='image "./divinacomoedia01piazgoog_0147.png"; bbox 0 0 3236 5394; ppageno 0'>
   <div class='ocr_carea' id='block_1_1' title="bbox 350 513 1516 748">
    <p class='ocr_par' dir='ltr' id='par_1_1' title="bbox 350 513 1516 748">
     <span class='ocr_line' id='line_1_1' title="bbox 350 513 1516 748; baseline 0.002 -138"><span class='ocrx_word' id='word_1_1' title='bbox 350 557 390 621; x_wconf 82' lang='lat'><strong>90</strong></span> <span class='ocrx_word' id='word_1_2' title='bbox 763 560 956 611; x_wconf 84' lang='lat' dir='ltr'><strong>llll&#39;EllNllliUll</strong></span> <span class='ocrx_word' id='word_1_3' title='bbox 973 561 1049 612; x_wconf 78' lang='lat' dir='ltr'><strong>lllllV.</strong></span> <span class='ocrx_word' id='word_1_4' title='bbox 1512 513 1516 748; x_wconf 59' lang='grc' dir='ltr'><strong>ι</strong></span> 
     </span>
    </p>
   </div>
   <div class='ocr_carea' id='block_1_2' title="bbox 345 778 1442 3818">
    <p class='ocr_par' dir='ltr' id='par_1_2' title="bbox 415 778 1214 861">
     <span class='ocr_line' id='line_1_2' title="bbox 415 778 1214 861; baseline 0.004 -22"><span class='ocrx_word' id='word_1_5' title='bbox 415 778 480 840; x_wconf 86' lang='lat' dir='ltr'><strong>Huc</strong></span> <span class='ocrx_word' id='word_1_6' title='bbox 501 779 706 841; x_wconf 85' lang='lat' dir='ltr'><strong>intendantum</strong></span> <span class='ocrx_word' id='word_1_7' title='bbox 726 797 834 861; x_wconf 86' lang='lat' dir='ltr'><strong>passus</strong></span> <span class='ocrx_word' id='word_1_8' title='bbox 856 787 1033 859; x_wconf 77' lang='lat' dir='ltr'>praeterque</span> <span class='ocrx_word' id='word_1_9' title='bbox 1054 787 1214 842; x_wconf 87' lang='lat' dir='ltr'><strong>meantum.</strong></span> 
     </span>
    </p>

    <p class='ocr_par' dir='ltr' id='par_1_3' title="bbox 350 888 1281 1187">
     <span class='ocr_line' id='line_1_3' title="bbox 350 888 1198 964; baseline 0.008 -21"><span class='ocrx_word' id='word_1_10' title='bbox 350 890 398 945; x_wconf 82' lang='lat'><strong>115</strong></span> <span class='ocrx_word' id='word_1_11' title='bbox 414 889 476 950; x_wconf 90' lang='lat' dir='ltr'><strong>Nec</strong></span> <span class='ocrx_word' id='word_1_12' title='bbox 497 908 584 950; x_wconf 90' lang='lat' dir='ltr'><strong>socer</strong></span> <span class='ocrx_word' id='word_1_13' title='bbox 605 888 675 950; x_wconf 92' lang='lat' dir='ltr'><strong>huic</strong></span> <span class='ocrx_word' id='word_1_14' title='bbox 696 888 782 951; x_wconf 86' lang='lat' dir='ltr'><strong>aliter</strong></span> <span class='ocrx_word' id='word_1_15' title='bbox 803 890 884 950; x_wconf 89' lang='lat' dir='ltr'><strong>lossa</strong></span> <span class='ocrx_word' id='word_1_16' title='bbox 906 891 1056 950; x_wconf 83' lang='lat' dir='ltr'><strong>cruciatur</strong></span> <span class='ocrx_word' id='word_1_17' title='bbox 1078 889 1109 951; x_wconf 90' lang='lat' dir='ltr'><strong>in</strong></span> <span class='ocrx_word' id='word_1_18' title='bbox 1131 889 1198 964; x_wconf 93' lang='lat' dir='ltr'><strong>ista,</strong></span> 
     </span>
     <span class='ocr_line' id='line_1_4' title="bbox 416 997 1281 1079; baseline 0.003 -20"><span class='ocrx_word' id='word_1_19' title='bbox 416 997 589 1077; x_wconf 78' lang='lat' dir='ltr'><strong>Turbaque,</strong></span> <span class='ocrx_word' id='word_1_20' title='bbox 613 997 771 1060; x_wconf 87' lang='lat' dir='ltr'><strong>consilium</strong></span> <span class='ocrx_word' id='word_1_21' title='bbox 793 1017 868 1078; x_wconf 89' lang='lat' dir='ltr'><strong>quae</strong></span> <span class='ocrx_word' id='word_1_22' title='bbox 891 1005 1008 1060; x_wconf 84' lang='lat' dir='ltr'><strong>caetera</strong></span> <span class='ocrx_word' id='word_1_23' title='bbox 1030 998 1114 1059; x_wconf 85' lang='lat' dir='ltr'><strong>inivit</strong></span> <span class='ocrx_word' id='word_1_24' title='bbox 1138 998 1281 1079; x_wconf 86' lang='lat' dir='ltr'><strong>iniquum,</strong></span> 
     </span>
     <span class='ocr_line' id='line_1_5' title="bbox 415 1107 1112 1187; baseline -0.001 -17"><span class='ocrx_word' id='word_1_25' title='bbox 415 1108 458 1170; x_wconf 86' lang='lat' dir='ltr'><strong>Ex</strong></span> <span class='ocrx_word' id='word_1_26' title='bbox 479 1127 538 1187; x_wconf 91' lang='lat' dir='ltr'><strong>quo</strong></span> <span class='ocrx_word' id='word_1_27' title='bbox 558 1109 681 1170; x_wconf 81' lang='lat' dir='ltr'><strong>Junsrrs</strong></span> <span class='ocrx_word' id='word_1_28' title='bbox 704 1107 846 1168; x_wconf 90' lang='lat' dir='ltr'><strong>sementis</strong></span> <span class='ocrx_word' id='word_1_29' title='bbox 869 1107 999 1186; x_wconf 90' lang='lat' dir='ltr'><strong>pessima</strong></span> <span class='ocrx_word' id='word_1_30' title='bbox 1021 1108 1112 1170; x_wconf 88' lang='lat' dir='ltr'><strong>venit.</strong></span> 
     </span>
    </p>

    <p class='ocr_par' dir='ltr' id='par_1_4' title="bbox 413 1217 1230 1406">
     <span class='ocr_line' id='line_1_6' title="bbox 458 1217 1204 1297; baseline 0.001 -20"><span class='ocrx_word' id='word_1_31' title='bbox 458 1217 541 1278; x_wconf 83' lang='lat' dir='ltr'><strong>Tarne</strong></span> <span class='ocrx_word' id='word_1_32' title='bbox 562 1236 618 1295; x_wconf 86' lang='lat' dir='ltr'><strong>ego</strong></span> <span class='ocrx_word' id='word_1_33' title='bbox 641 1217 808 1278; x_wconf 76' lang='lat' dir='ltr'><strong>lllrncrnnarx</strong></span> <span class='ocrx_word' id='word_1_34' title='bbox 830 1217 891 1279; x_wconf 89' lang='lat' dir='ltr'><strong>vidi</strong></span> <span class='ocrx_word' id='word_1_35' title='bbox 913 1217 1076 1297; x_wconf 79' lang='lat' dir='ltr'><strong>pallescere</strong></span> <span class='ocrx_word' id='word_1_36' title='bbox 1098 1226 1204 1293; x_wconf 85' lang='lat' dir='ltr'><strong>vatem,</strong></span> 
     </span>
     <span class='ocr_line' id='line_1_7' title="bbox 413 1325 1230 1406; baseline 0 -18"><span class='ocrx_word' id='word_1_37' title='bbox 413 1327 568 1388; x_wconf 79' lang='lat' dir='ltr'><strong>Mirantem</strong></span> <span class='ocrx_word' id='word_1_38' title='bbox 591 1327 695 1389; x_wconf 89' lang='lat' dir='ltr'><strong>inlami</strong></span> <span class='ocrx_word' id='word_1_39' title='bbox 716 1328 804 1388; x_wconf 85' lang='lat' dir='ltr'><strong>fixam</strong></span> <span class='ocrx_word' id='word_1_40' title='bbox 824 1327 907 1388; x_wconf 91' lang='lat' dir='ltr'><strong>trabe</strong></span> <span class='ocrx_word' id='word_1_41' title='bbox 929 1325 1065 1406; x_wconf 92' lang='lat' dir='ltr'><strong>corporis</strong></span> <span class='ocrx_word' id='word_1_42' title='bbox 1088 1327 1230 1400; x_wconf 90' lang='lat' dir='ltr'><strong>umbram,</strong></span> 
     </span>
    </p>

    <p class='ocr_par' dir='ltr' id='par_1_5' title="bbox 350 1436 1442 1953">
     <span class='ocr_line' id='line_1_8' title="bbox 350 1436 1301 1516; baseline -0.002 -16"><span class='ocrx_word' id='word_1_43' title='bbox 350 1449 398 1500; x_wconf 82' lang='lat'><strong>12⁰</strong></span> <span class='ocrx_word' id='word_1_44' title='bbox 415 1436 486 1498; x_wconf 86' lang='lat' dir='ltr'><strong>Tam</strong></span> <span class='ocrx_word' id='word_1_45' title='bbox 509 1445 595 1516; x_wconf 83' lang='lat' dir='ltr'><strong>turpe</strong></span> <span class='ocrx_word' id='word_1_46' title='bbox 618 1436 812 1516; x_wconf 87' lang='lat' dir='ltr'><strong>opprobrium</strong></span> <span class='ocrx_word' id='word_1_47' title='bbox 833 1454 989 1516; x_wconf 82' lang='lat' dir='ltr'><strong>passuram</strong></span> <span class='ocrx_word' id='word_1_48' title='bbox 1011 1445 1127 1514; x_wconf 88' lang='lat' dir='ltr'><strong>tempus</strong></span> <span class='ocrx_word' id='word_1_49' title='bbox 1150 1437 1180 1498; x_wconf 94' lang='lat' dir='ltr'><strong>in</strong></span> <span class='ocrx_word' id='word_1_50' title='bbox 1204 1454 1301 1499; x_wconf 90' lang='lat' dir='ltr'><strong>omne.</strong></span> 
     </span>
     <span class='ocr_line' id='line_1_9' title="bbox 415 1545 1281 1625; baseline 0.001 -18"><span class='ocrx_word' id='word_1_51' title='bbox 415 1547 490 1608; x_wconf 84' lang='lat' dir='ltr'><strong>Tum</strong></span> <span class='ocrx_word' id='word_1_52' title='bbox 512 1546 556 1608; x_wconf 90' lang='lat' dir='ltr'><strong>sic</strong></span> <span class='ocrx_word' id='word_1_53' title='bbox 579 1545 739 1608; x_wconf 86' lang='lat' dir='ltr'><strong>Gaudenti:</strong></span> <span class='ocrx_word' id='word_1_54' title='bbox 761 1546 846 1608; x_wconf 87' lang='lat' dir='ltr'><strong>Haud</strong></span> <span class='ocrx_word' id='word_1_55' title='bbox 868 1545 987 1625; x_wconf 82' lang='lat' dir='ltr'><strong>pigeat,</strong></span> <span class='ocrx_word' id='word_1_56' title='bbox 1010 1545 1041 1608; x_wconf 94' lang='lat' dir='ltr'><strong>ni</strong></span> <span class='ocrx_word' id='word_1_57' title='bbox 1064 1547 1140 1607; x_wconf 89' lang='lat' dir='ltr'><strong>lorte</strong></span> <span class='ocrx_word' id='word_1_58' title='bbox 1162 1546 1281 1620; x_wconf 88' lang='lat' dir='ltr'><strong>vetaris,</strong></span> 
     </span>
     <span class='ocr_line' id='line_1_10' title="bbox 413 1654 1353 1736; baseline -0.001 -18"><span class='ocrx_word' id='word_1_59' title='bbox 413 1657 533 1730; x_wconf 85' lang='lat' dir='ltr'><strong>Dicere,</strong></span> <span class='ocrx_word' id='word_1_60' title='bbox 556 1675 594 1717; x_wconf 87' lang='lat' dir='ltr'><strong>an</strong></span> <span class='ocrx_word' id='word_1_61' title='bbox 616 1657 652 1717; x_wconf 90' lang='lat' dir='ltr'><strong>ad</strong></span> <span class='ocrx_word' id='word_1_62' title='bbox 675 1656 806 1718; x_wconf 85' lang='lat' dir='ltr'><strong>dextram</strong></span> <span class='ocrx_word' id='word_1_63' title='bbox 825 1655 945 1735; x_wconf 83' lang='lat' dir='ltr'><strong>jaceant</strong></span> <span class='ocrx_word' id='word_1_64' title='bbox 967 1654 1065 1734; x_wconf 87' lang='lat' dir='ltr'><strong>aliqua</strong></span> <span class='ocrx_word' id='word_1_65' title='bbox 1088 1655 1178 1729; x_wconf 89' lang='lat' dir='ltr'><strong>ostia,</strong></span> <span class='ocrx_word' id='word_1_66' title='bbox 1200 1675 1255 1736; x_wconf 92' lang='lat' dir='ltr'><strong>per</strong></span> <span class='ocrx_word' id='word_1_67' title='bbox 1277 1674 1353 1736; x_wconf 88' lang='lat' dir='ltr'><strong>quae</strong></span> 
     </span>
     <span class='ocr_line' id='line_1_11' title="bbox 412 1751 1442 1844; baseline -0.002 -17"><span class='ocrx_word' id='word_1_68' title='bbox 412 1765 515 1828; x_wconf 82' lang='lat' dir='ltr'><strong>Exitus</strong></span> <span class='ocrx_word' id='word_1_69' title='bbox 537 1765 683 1828; x_wconf 89' lang='lat' dir='ltr'><strong>ambobus</strong></span> <span class='ocrx_word' id='word_1_70' title='bbox 705 1765 745 1826; x_wconf 85' lang='lat' dir='ltr'><strong>sil</strong></span> <span class='ocrx_word' id='word_1_71' title='bbox 765 1765 901 1844; x_wconf 89' lang='lat' dir='ltr'><strong>pervius,</strong></span> <span class='ocrx_word' id='word_1_72' title='bbox 924 1773 992 1826; x_wconf 86' lang='lat' dir='ltr'><strong>ante</strong></span> <span class='ocrx_word' id='word_1_73' title='bbox 1014 1765 1168 1826; x_wconf 91' lang='lat' dir='ltr'><strong>ministros</strong></span> <span class='ocrx_word' id='word_1_74' title='bbox 1435 1751 1442 1762; x_wconf 50' lang='lat'>⁸</span> 
     </span>
     <span class='ocr_line' id='line_1_12' title="bbox 414 1873 1279 1953; baseline -0.003 -16"><span class='ocrx_word' id='word_1_75' title='bbox 414 1875 510 1948; x_wconf 87' lang='lat' dir='ltr'><strong>Quam</strong></span> <span class='ocrx_word' id='word_1_76' title='bbox 531 1893 587 1936; x_wconf 92' lang='lat' dir='ltr'><strong>nos</strong></span> <span class='ocrx_word' id='word_1_77' title='bbox 609 1892 749 1953; x_wconf 87' lang='lat' dir='ltr'><strong>cogamus</strong></span> <span class='ocrx_word' id='word_1_78' title='bbox 770 1873 872 1952; x_wconf 86' lang='lat' dir='ltr'><strong>nigros</strong></span> <span class='ocrx_word' id='word_1_79' title='bbox 894 1873 966 1936; x_wconf 91' lang='lat' dir='ltr'><strong>hinc</strong></span> <span class='ocrx_word' id='word_1_80' title='bbox 987 1874 1091 1936; x_wconf 91' lang='lat' dir='ltr'><strong>tollere</strong></span> <span class='ocrx_word' id='word_1_81' title='bbox 1112 1883 1279 1953; x_wconf 87' lang='lat' dir='ltr'><strong>utrumque.</strong></span> 
     </span>
    </p>

    <p class='ocr_par' dir='ltr' id='par_1_6' title="bbox 348 1983 1284 2503">
     <span class='ocr_line' id='line_1_13' title="bbox 348 1983 1284 2064; baseline 0.004 -24"><span class='ocrx_word' id='word_1_82' title='bbox 348 1988 396 2042; x_wconf 78' lang='lat'><strong>125</strong></span> <span class='ocrx_word' id='word_1_83' title='bbox 454 1985 507 2046; x_wconf 89' lang='lat' dir='ltr'><strong>Ille</strong></span> <span class='ocrx_word' id='word_1_84' title='bbox 529 1991 643 2046; x_wconf 87' lang='lat' dir='ltr'><strong>autam:</strong></span> <span class='ocrx_word' id='word_1_85' title='bbox 665 1983 810 2064; x_wconf 89' lang='lat' dir='ltr'><strong>Propius,</strong></span> <span class='ocrx_word' id='word_1_86' title='bbox 834 2002 921 2062; x_wconf 89' lang='lat' dir='ltr'><strong>quam</strong></span> <span class='ocrx_word' id='word_1_87' title='bbox 944 2003 1064 2064; x_wconf 86' lang='lat' dir='ltr'><strong>speras,</strong></span> <span class='ocrx_word' id='word_1_88' title='bbox 1087 1984 1173 2046; x_wconf 85' lang='lat' dir='ltr'><strong>obvia</strong></span> <span class='ocrx_word' id='word_1_89' title='bbox 1194 2001 1284 2064; x_wconf 88' lang='lat' dir='ltr'><strong>rupes</strong></span> 
     </span>
     <span class='ocr_line' id='line_1_14' title="bbox 414 2092 1216 2174; baseline -0.001 -17"><span class='ocrx_word' id='word_1_90' title='bbox 414 2095 545 2157; x_wconf 84' lang='lat' dir='ltr'><strong>Circuitu</strong></span> <span class='ocrx_word' id='word_1_91' title='bbox 567 2113 603 2156; x_wconf 90' lang='lat' dir='ltr'><strong>ex</strong></span> <span class='ocrx_word' id='word_1_92' title='bbox 623 2111 730 2172; x_wconf 92' lang='lat' dir='ltr'><strong>magno</strong></span> <span class='ocrx_word' id='word_1_93' title='bbox 752 2093 866 2173; x_wconf 90' lang='lat' dir='ltr'><strong>prodit,</strong></span> <span class='ocrx_word' id='word_1_94' title='bbox 890 2092 1039 2174; x_wconf 89' lang='lat' dir='ltr'><strong>vallesque</strong></span> <span class='ocrx_word' id='word_1_95' title='bbox 1060 2113 1116 2173; x_wconf 89' lang='lat' dir='ltr'><strong>per</strong></span> <span class='ocrx_word' id='word_1_96' title='bbox 1137 2102 1216 2156; x_wconf 86' lang='lat' dir='ltr'><strong>atras</strong></span> 
     </span>
     <span class='ocr_line' id='line_1_15' title="bbox 412 2202 1272 2284; baseline -0.005 -17"><span class='ocrx_word' id='word_1_97' title='bbox 412 2206 459 2267; x_wconf 91' lang='lat' dir='ltr'><strong>lre</strong></span> <span class='ocrx_word' id='word_1_98' title='bbox 482 2206 544 2277; x_wconf 87' lang='lat' dir='ltr'><strong>dat,</strong></span> <span class='ocrx_word' id='word_1_99' title='bbox 569 2203 716 2282; x_wconf 86' lang='lat' dir='ltr'><strong>attingens</strong></span> <span class='ocrx_word' id='word_1_100' title='bbox 739 2222 853 2265; x_wconf 90' lang='lat' dir='ltr'><strong>omnes.</strong></span> <span class='ocrx_word' id='word_1_101' title='bbox 897 2202 1008 2266; x_wconf 88' lang='lat' dir='ltr'><strong>Tamen</strong></span> <span class='ocrx_word' id='word_1_102' title='bbox 1031 2203 1134 2284; x_wconf 81' lang='lat' dir='ltr'><strong>excipe</strong></span> <span class='ocrx_word' id='word_1_103' title='bbox 1156 2209 1272 2282; x_wconf 83' lang='lat' dir='ltr'><strong>ruptam</strong></span> 
     </span>
     <span class='ocr_line' id='line_1_16' title="bbox 413 2312 1198 2393; baseline -0.003 -17"><span class='ocrx_word' id='word_1_104' title='bbox 413 2315 518 2387; x_wconf 87' lang='lat' dir='ltr'><strong>lstam,</strong></span> <span class='ocrx_word' id='word_1_105' title='bbox 542 2331 617 2393; x_wconf 89' lang='lat' dir='ltr'><strong>quae</strong></span> <span class='ocrx_word' id='word_1_106' title='bbox 638 2312 744 2391; x_wconf 84' lang='lat' dir='ltr'><strong>bulgae</strong></span> <span class='ocrx_word' id='word_1_107' title='bbox 766 2330 826 2374; x_wconf 94' lang='lat' dir='ltr'><strong>non</strong></span> <span class='ocrx_word' id='word_1_108' title='bbox 849 2313 976 2391; x_wconf 89' lang='lat' dir='ltr'><strong>conligit</strong></span> <span class='ocrx_word' id='word_1_109' title='bbox 996 2312 1198 2386; x_wconf 64' lang='lat' dir='ltr'><strong>intervallum</strong></span> 
     </span>
     <span class='ocr_line' id='line_1_17' title="bbox 412 2421 1156 2503; baseline -0.004 -18"><span class='ocrx_word' id='word_1_110' title='bbox 412 2426 450 2485; x_wconf 84' lang='lat' dir='ltr'><strong>At</strong></span> <span class='ocrx_word' id='word_1_111' title='bbox 471 2442 526 2503; x_wconf 89' lang='lat' dir='ltr'><strong>per</strong></span> <span class='ocrx_word' id='word_1_112' title='bbox 546 2423 716 2502; x_wconf 80' lang='lat' dir='ltr'><strong>congeriem</strong></span> <span class='ocrx_word' id='word_1_113' title='bbox 738 2441 876 2484; x_wconf 89' lang='lat' dir='ltr'><strong>saxorum</strong></span> <span class='ocrx_word' id='word_1_114' title='bbox 897 2441 1010 2503; x_wconf 88' lang='lat' dir='ltr'><strong>perque</strong></span> <span class='ocrx_word' id='word_1_115' title='bbox 1031 2421 1156 2496; x_wconf 88' lang='lat' dir='ltr'><strong>ruinam,</strong></span> 
     </span>
    </p>

    <p class='ocr_par' dir='ltr' id='par_1_7' title="bbox 347 2531 1288 3056">
     <span class='ocr_line' id='line_1_18' title="bbox 347 2531 1288 2613; baseline -0.005 -16"><span class='ocrx_word' id='word_1_116' title='bbox 347 2547 395 2599; x_wconf 82' lang='lat'><strong>130</strong></span> <span class='ocrx_word' id='word_1_117' title='bbox 414 2534 497 2607; x_wconf 82' lang='lat' dir='ltr'><strong>Quae</strong></span> <span class='ocrx_word' id='word_1_118' title='bbox 516 2533 597 2613; x_wconf 87' lang='lat' dir='ltr'><strong>jacet</strong></span> <span class='ocrx_word' id='word_1_119' title='bbox 618 2532 738 2594; x_wconf 82' lang='lat' dir='ltr'><strong>acclivis</strong></span> <span class='ocrx_word' id='word_1_120' title='bbox 760 2550 964 2612; x_wconf 87' lang='lat' dir='ltr'><strong>superansque</strong></span> <span class='ocrx_word' id='word_1_121' title='bbox 986 2531 1115 2611; x_wconf 88' lang='lat' dir='ltr'><strong>assurgit</strong></span> <span class='ocrx_word' id='word_1_122' title='bbox 1136 2531 1168 2594; x_wconf 96' lang='lat' dir='ltr'><strong>in</strong></span> <span class='ocrx_word' id='word_1_123' title='bbox 1191 2533 1288 2604; x_wconf 90' lang='lat' dir='ltr'><strong>altum,</strong></span> 
     </span>
     <span class='ocr_line' id='line_1_19' title="bbox 411 2641 1209 2721; baseline -0.005 -15"><span class='ocrx_word' id='word_1_124' title='bbox 411 2644 561 2706; x_wconf 79' lang='lat' dir='ltr'><strong>Ascensus</strong></span> <span class='ocrx_word' id='word_1_125' title='bbox 582 2641 708 2704; x_wconf 89' lang='lat' dir='ltr'><strong>dabitur.</strong></span> <span class='ocrx_word' id='word_1_126' title='bbox 730 2675 773 2686; x_wconf 89' lang='lat'><em>-</em></span> <span class='ocrx_word' id='word_1_127' title='bbox 793 2642 951 2721; x_wconf 83' lang='lat' dir='ltr'><strong>Paulisper</strong></span> <span class='ocrx_word' id='word_1_128' title='bbox 970 2641 1082 2704; x_wconf 91' lang='lat' dir='ltr'><strong>lumina</strong></span> <span class='ocrx_word' id='word_1_129' title='bbox 1104 2642 1209 2704; x_wconf 91' lang='lat' dir='ltr'><strong>doctor</strong></span> 
     </span>
     <span class='ocr_line' id='line_1_20' title="bbox 410 2751 1155 2826; baseline -0.007 -10"><span class='ocrx_word' id='word_1_130' title='bbox 410 2753 482 2816; x_wconf 86' lang='lat' dir='ltr'><strong>Fixa</strong></span> <span class='ocrx_word' id='word_1_131' title='bbox 504 2753 569 2813; x_wconf 90' lang='lat' dir='ltr'><strong>solo</strong></span> <span class='ocrx_word' id='word_1_132' title='bbox 591 2752 700 2826; x_wconf 88' lang='lat' dir='ltr'><strong>tenuit,</strong></span> <span class='ocrx_word' id='word_1_133' title='bbox 724 2751 793 2812; x_wconf 90' lang='lat' dir='ltr'><strong>dein</strong></span> <span class='ocrx_word' id='word_1_134' title='bbox 815 2751 860 2813; x_wconf 88' lang='lat' dir='ltr'><strong>sic</strong></span> <span class='ocrx_word' id='word_1_135' title='bbox 882 2759 928 2812; x_wconf 91' lang='lat' dir='ltr'><strong>est</strong></span> <span class='ocrx_word' id='word_1_136' title='bbox 950 2771 1002 2814; x_wconf 90' lang='lat' dir='ltr'><strong>ore</strong></span> <span class='ocrx_word' id='word_1_137' title='bbox 1023 2752 1155 2813; x_wconf 89' lang='lat' dir='ltr'><strong>loculus:</strong></span> 
     </span>
     <span class='ocr_line' id='line_1_21' title="bbox 411 2860 1256 2941; baseline -0.004 -16"><span class='ocrx_word' id='word_1_138' title='bbox 411 2864 444 2925; x_wconf 95' lang='lat' dir='ltr'><strong>ln</strong></span> <span class='ocrx_word' id='word_1_139' title='bbox 467 2871 601 2924; x_wconf 90' lang='lat' dir='ltr'><strong>nostrum</strong></span> <span class='ocrx_word' id='word_1_140' title='bbox 624 2860 718 2922; x_wconf 89' lang='lat' dir='ltr'><strong>malus</strong></span> <span class='ocrx_word' id='word_1_141' title='bbox 740 2869 844 2924; x_wconf 88' lang='lat' dir='ltr'><strong>auctor</strong></span> <span class='ocrx_word' id='word_1_142' title='bbox 866 2881 941 2941; x_wconf 93' lang='lat' dir='ltr'><strong>opus</strong></span> <span class='ocrx_word' id='word_1_143' title='bbox 964 2861 1020 2923; x_wconf 89' lang='lat' dir='ltr'><strong>luit</strong></span> <span class='ocrx_word' id='word_1_144' title='bbox 1041 2861 1108 2934; x_wconf 94' lang='lat' dir='ltr'><strong>ille,</strong></span> <span class='ocrx_word' id='word_1_145' title='bbox 1132 2879 1256 2922; x_wconf 85' lang='lat' dir='ltr'><strong>recurro</strong></span> 
     </span>
     <span class='ocr_line' id='line_1_22' title="bbox 412 2970 1112 3056; baseline -0.001 -24"><span class='ocrx_word' id='word_1_146' title='bbox 412 2971 470 3045; x_wconf 86' lang='lat' dir='ltr'><strong>Qui</strong></span> <span class='ocrx_word' id='word_1_147' title='bbox 493 2979 595 3032; x_wconf 91' lang='lat' dir='ltr'><strong>sontes</strong></span> <span class='ocrx_word' id='word_1_148' title='bbox 617 2971 680 3056; x_wconf 78' lang='lat' dir='ltr'><strong>illic</strong></span> <span class='ocrx_word' id='word_1_149' title='bbox 702 2972 856 3032; x_wconf 90' lang='lat' dir='ltr'><strong>damnatos</strong></span> <span class='ocrx_word' id='word_1_150' title='bbox 879 2970 1002 3050; x_wconf 83' lang='lat' dir='ltr'><strong>corripit</strong></span> <span class='ocrx_word' id='word_1_151' title='bbox 1024 2989 1112 3034; x_wconf 91' lang='lat' dir='ltr'><strong>unco.</strong></span> 
     </span>
    </p>

    <p class='ocr_par' dir='ltr' id='par_1_8' title="bbox 346 3080 1289 3380">
     <span class='ocr_line' id='line_1_23' title="bbox 346 3080 1285 3162; baseline -0.003 -19"><span class='ocrx_word' id='word_1_152' title='bbox 346 3091 393 3145; x_wconf 79' lang='lat'><strong>135</strong></span> <span class='ocrx_word' id='word_1_153' title='bbox 409 3083 505 3162; x_wconf 78' lang='lat' dir='ltr'><strong>Atque</strong></span> <span class='ocrx_word' id='word_1_154' title='bbox 527 3081 600 3142; x_wconf 89' lang='lat' dir='ltr'><strong>isle:</strong></span> <span class='ocrx_word' id='word_1_155' title='bbox 622 3080 728 3142; x_wconf 84' lang='lat' dir='ltr'><strong>Audivi</strong></span> <span class='ocrx_word' id='word_1_156' title='bbox 746 3081 824 3161; x_wconf 84' lang='lat' dir='ltr'><strong>jam,</strong></span> <span class='ocrx_word' id='word_1_157' title='bbox 847 3099 914 3142; x_wconf 87' lang='lat' dir='ltr'><strong>cum</strong></span> <span class='ocrx_word' id='word_1_158' title='bbox 936 3099 984 3142; x_wconf 90' lang='lat' dir='ltr'><strong>me</strong></span> <span class='ocrx_word' id='word_1_159' title='bbox 1005 3081 1133 3142; x_wconf 82' lang='lat' dir='ltr'><strong>Fensrua</strong></span> <span class='ocrx_word' id='word_1_160' title='bbox 1154 3080 1285 3154; x_wconf 88' lang='lat' dir='ltr'><strong>haberet,</strong></span> 
     </span>
     <span class='ocr_line' id='line_1_24' title="bbox 409 3189 1289 3269; baseline -0.001 -17"><span class='ocrx_word' id='word_1_161' title='bbox 409 3191 540 3253; x_wconf 83' lang='lat' dir='ltr'><strong>Plurima</strong></span> <span class='ocrx_word' id='word_1_162' title='bbox 561 3189 716 3252; x_wconf 86' lang='lat' dir='ltr'><strong>Daemonii</strong></span> <span class='ocrx_word' id='word_1_163' title='bbox 737 3189 823 3264; x_wconf 82' lang='lat' dir='ltr'><strong>vitia,</strong></span> <span class='ocrx_word' id='word_1_164' title='bbox 847 3189 936 3269; x_wconf 84' lang='lat' dir='ltr'><strong>inque</strong></span> <span class='ocrx_word' id='word_1_165' title='bbox 958 3189 1022 3263; x_wconf 92' lang='lat' dir='ltr'><strong>his,</strong></span> <span class='ocrx_word' id='word_1_166' title='bbox 1046 3190 1148 3252; x_wconf 86' lang='lat' dir='ltr'><strong>lallare</strong></span> <span class='ocrx_word' id='word_1_167' title='bbox 1169 3190 1289 3252; x_wconf 85' lang='lat' dir='ltr'><strong>doctum</strong></span> 
     </span>
     <span class='ocr_line' id='line_1_25' title="bbox 410 3300 1227 3380; baseline -0.002 -17"><span class='ocrx_word' id='word_1_168' title='bbox 410 3300 539 3378; x_wconf 82' lang='lat' dir='ltr'><strong>Cognovi</strong></span> <span class='ocrx_word' id='word_1_169' title='bbox 562 3308 592 3361; x_wconf 90' lang='lat' dir='ltr'><strong>et</strong></span> <span class='ocrx_word' id='word_1_170' title='bbox 611 3302 727 3373; x_wconf 87' lang='lat' dir='ltr'><strong>lictum,</strong></span> <span class='ocrx_word' id='word_1_171' title='bbox 749 3307 1043 3379; x_wconf 90' lang='lat' dir='ltr'><strong>commentorumque</strong></span> <span class='ocrx_word' id='word_1_172' title='bbox 1064 3307 1227 3380; x_wconf 88' lang='lat' dir='ltr'><strong>parentem.</strong></span> 
     </span>
    </p>

    <p class='ocr_par' dir='ltr' id='par_1_9' title="bbox 411 3407 1215 3598">
     <span class='ocr_line' id='line_1_26' title="bbox 451 3407 1215 3489; baseline -0.001 -19"><span class='ocrx_word' id='word_1_173' title='bbox 451 3409 526 3470; x_wconf 87' lang='lat' dir='ltr'><strong>Exin</strong></span> <span class='ocrx_word' id='word_1_174' title='bbox 548 3409 606 3470; x_wconf 85' lang='lat' dir='ltr'><strong>dux</strong></span> <span class='ocrx_word' id='word_1_175' title='bbox 627 3417 806 3489; x_wconf 90' lang='lat' dir='ltr'><strong>properante</strong></span> <span class='ocrx_word' id='word_1_176' title='bbox 828 3411 920 3488; x_wconf 89' lang='lat' dir='ltr'><strong>gradu</strong></span> <span class='ocrx_word' id='word_1_177' title='bbox 941 3409 1093 3487; x_wconf 86' lang='lat' dir='ltr'><strong>digressus</strong></span> <span class='ocrx_word' id='word_1_178' title='bbox 1116 3407 1215 3481; x_wconf 85' lang='lat' dir='ltr'><strong>abivit,</strong></span> 
     </span>
     <span class='ocr_line' id='line_1_27' title="bbox 411 3519 1169 3598; baseline -0.003 -18"><span class='ocrx_word' id='word_1_179' title='bbox 411 3519 471 3580; x_wconf 88' lang='lat' dir='ltr'><strong>Ora</strong></span> <span class='ocrx_word' id='word_1_180' title='bbox 492 3537 599 3596; x_wconf 90' lang='lat' dir='ltr'><strong>gerens</strong></span> <span class='ocrx_word' id='word_1_181' title='bbox 621 3519 665 3580; x_wconf 91' lang='lat' dir='ltr'><strong>ira</strong></span> <span class='ocrx_word' id='word_1_182' title='bbox 686 3520 807 3598; x_wconf 90' lang='lat' dir='ltr'><strong>paulum</strong></span> <span class='ocrx_word' id='word_1_183' title='bbox 828 3519 954 3582; x_wconf 88' lang='lat' dir='ltr'><strong>turbata.</strong></span> <span class='ocrx_word' id='word_1_184' title='bbox 998 3520 1169 3581; x_wconf 87' lang='lat' dir='ltr'><strong>Gementem</strong></span> 
     </span>
    </p>

    <p class='ocr_par' dir='ltr' id='par_1_10' title="bbox 345 3627 1197 3709">
     <span class='ocr_line' id='line_1_28' title="bbox 345 3627 1197 3709; baseline -0.005 -15"><span class='ocrx_word' id='word_1_185' title='bbox 345 3643 393 3696; x_wconf 83' lang='grc'><strong>111</strong></span> <span class='ocrx_word' id='word_1_186' title='bbox 409 3628 534 3690; x_wconf 92' lang='lat' dir='ltr'><strong>lmmani</strong></span> <span class='ocrx_word' id='word_1_187' title='bbox 555 3627 722 3690; x_wconf 89' lang='lat' dir='ltr'><strong>abscedens</strong></span> <span class='ocrx_word' id='word_1_188' title='bbox 744 3629 818 3709; x_wconf 91' lang='lat' dir='ltr'><strong>liqui</strong></span> <span class='ocrx_word' id='word_1_189' title='bbox 841 3629 896 3690; x_wconf 90' lang='lat' dir='ltr'><strong>sub</strong></span> <span class='ocrx_word' id='word_1_190' title='bbox 918 3628 1050 3708; x_wconf 89' lang='lat' dir='ltr'><strong>pondere</strong></span> <span class='ocrx_word' id='word_1_191' title='bbox 1072 3628 1197 3700; x_wconf 89' lang='lat' dir='ltr'><strong>turbam,</strong></span> 
     </span>
    </p>

    <p class='ocr_par' dir='ltr' id='par_1_11' title="bbox 410 3737 1125 3818">
     <span class='ocr_line' id='line_1_29' title="bbox 410 3737 1125 3818; baseline -0.004 -17"><span class='ocrx_word' id='word_1_192' title='bbox 410 3739 610 3818; x_wconf 87' lang='lat' dir='ltr'><strong>Carorumque</strong></span> <span class='ocrx_word' id='word_1_193' title='bbox 632 3737 742 3817; x_wconf 89' lang='lat' dir='ltr'><strong>pedum</strong></span> <span class='ocrx_word' id='word_1_194' title='bbox 762 3737 890 3818; x_wconf 88' lang='lat' dir='ltr'><strong>pedibus</strong></span> <span class='ocrx_word' id='word_1_195' title='bbox 911 3738 1034 3816; x_wconf 88' lang='lat' dir='ltr'><strong>vestigia</strong></span> <span class='ocrx_word' id='word_1_196' title='bbox 1056 3738 1125 3816; x_wconf 92' lang='lat' dir='ltr'><strong>legi.</strong></span> 
     </span>
    </p>
   </div>
   <div class='ocr_carea' id='block_1_3' title="bbox 883 4001 995 4082">
    <p class='ocr_par' dir='ltr' id='par_1_12' title="bbox 883 4001 995 4082">
     <span class='ocr_line' id='line_1_30' title="bbox 883 4001 995 4082; baseline 0 0"><span class='ocrx_word' id='word_1_197' title='bbox 883 4001 995 4082; x_wconf 76' lang='lat' dir='ltr'><strong>xxiv·</strong></span> 
     </span>
    </p>
   </div>
   <div class='ocr_carea' id='block_1_4' title="bbox 409 4174 1345 4588">
    <p class='ocr_par' dir='ltr' id='par_1_13' title="bbox 409 4174 1345 4588">
     <span class='ocr_line' id='line_1_31' title="bbox 451 4174 1345 4258; baseline -0.002 -21"><span class='ocrx_word' id='word_1_198' title='bbox 451 4175 504 4237; x_wconf 89' lang='lat' dir='ltr'><strong>llla</strong></span> <span class='ocrx_word' id='word_1_199' title='bbox 526 4176 577 4238; x_wconf 94' lang='lat' dir='ltr'><strong>ubi</strong></span> <span class='ocrx_word' id='word_1_200' title='bbox 599 4196 668 4257; x_wconf 88' lang='lat' dir='ltr'><strong>pars</strong></span> <span class='ocrx_word' id='word_1_201' title='bbox 690 4177 760 4238; x_wconf 93' lang='lat' dir='ltr'><strong>anni</strong></span> <span class='ocrx_word' id='word_1_202' title='bbox 782 4186 829 4239; x_wconf 85' lang='lat' dir='ltr'><strong>est</strong></span> <span class='ocrx_word' id='word_1_203' title='bbox 849 4197 952 4258; x_wconf 90' lang='lat' dir='ltr'><strong>parum</strong></span> <span class='ocrx_word' id='word_1_204' title='bbox 974 4177 1071 4240; x_wconf 91' lang='lat' dir='ltr'><strong>adhuc</strong></span> <span class='ocrx_word' id='word_1_205' title='bbox 1092 4183 1188 4238; x_wconf 90' lang='lat' dir='ltr'><strong>aetate</strong></span> <span class='ocrx_word' id='word_1_206' title='bbox 1210 4174 1345 4252; x_wconf 88' lang='lat' dir='ltr'><strong>vigentis,</strong></span> 
     </span>
     <span class='ocr_line' id='line_1_32' title="bbox 411 4285 1183 4367; baseline 0 -21"><span class='ocrx_word' id='word_1_207' title='bbox 411 4285 475 4358; x_wconf 84' lang='lat' dir='ltr'><strong>Qua</strong></span> <span class='ocrx_word' id='word_1_208' title='bbox 498 4287 544 4347; x_wconf 93' lang='lat' dir='ltr'><strong>sol</strong></span> <span class='ocrx_word' id='word_1_209' title='bbox 565 4287 620 4348; x_wconf 90' lang='lat' dir='ltr'><strong>sub</strong></span> <span class='ocrx_word' id='word_1_210' title='bbox 643 4286 742 4367; x_wconf 85' lang='lat' dir='ltr'><strong>pluvio</strong></span> <span class='ocrx_word' id='word_1_211' title='bbox 765 4287 941 4366; x_wconf 78' lang='lat' dir='ltr'><strong>Ganymedis</strong></span> <span class='ocrx_word' id='word_1_212' title='bbox 964 4287 1062 4350; x_wconf 88' lang='lat' dir='ltr'><strong>sidere</strong></span> <span class='ocrx_word' id='word_1_213' title='bbox 1085 4285 1183 4348; x_wconf 88' lang='lat' dir='ltr'><strong>crines</strong></span> 
     </span>
     <span class='ocr_line' id='line_1_33' title="bbox 410 4394 1241 4478; baseline 0.002 -24"><span class='ocrx_word' id='word_1_214' title='bbox 410 4395 582 4478; x_wconf 88' lang='lat' dir='ltr'><strong>Temperat,</strong></span> <span class='ocrx_word' id='word_1_215' title='bbox 605 4396 641 4457; x_wconf 92' lang='lat' dir='ltr'><strong>ad</strong></span> <span class='ocrx_word' id='word_1_216' title='bbox 663 4397 792 4458; x_wconf 88' lang='lat' dir='ltr'><strong>medium</strong></span> <span class='ocrx_word' id='word_1_217' title='bbox 816 4415 850 4458; x_wconf 91' lang='lat' dir='ltr'><strong>ac</strong></span> <span class='ocrx_word' id='word_1_218' title='bbox 871 4397 1013 4460; x_wconf 80' lang='lat' dir='ltr'><strong>festinant</strong></span> <span class='ocrx_word' id='word_1_219' title='bbox 1030 4397 1094 4478; x_wconf 90' lang='lat' dir='ltr'><strong>jam</strong></span> <span class='ocrx_word' id='word_1_220' title='bbox 1115 4395 1159 4457; x_wconf 90' lang='lat' dir='ltr'><strong>ire</strong></span> <span class='ocrx_word' id='word_1_221' title='bbox 1181 4394 1241 4457; x_wconf 91' lang='lat' dir='ltr'><strong>diei</strong></span> 
     </span>
     <span class='ocr_line' id='line_1_34' title="bbox 409 4505 1163 4588; baseline 0 -22"><span class='ocrx_word' id='word_1_222' title='bbox 409 4505 535 4578; x_wconf 87' lang='lat' dir='ltr'><strong>Noctes,</strong></span> <span class='ocrx_word' id='word_1_223' title='bbox 559 4523 626 4566; x_wconf 89' lang='lat' dir='ltr'><strong>cum</strong></span> <span class='ocrx_word' id='word_1_224' title='bbox 647 4505 756 4568; x_wconf 84' lang='lat' dir='ltr'><strong>faciem</strong></span> <span class='ocrx_word' id='word_1_225' title='bbox 778 4505 898 4588; x_wconf 88' lang='lat' dir='ltr'><strong>delapsa</strong></span> <span class='ocrx_word' id='word_1_226' title='bbox 921 4506 1028 4586; x_wconf 90' lang='lat' dir='ltr'><strong>pruina</strong></span> <span class='ocrx_word' id='word_1_227' title='bbox 1049 4505 1163 4568; x_wconf 89' lang='lat' dir='ltr'><strong>sororis</strong></span> 
     </span>
    </p>
   </div>
   <div class='ocr_carea' id='block_1_5' title="bbox 0 0 1622 5394">
    <p class='ocr_par' dir='ltr' id='par_1_14' title="bbox 0 0 1622 5394">
     <span class='ocr_line' id='line_1_35' title="bbox 0 0 1622 5394; baseline 0 2"><span class='ocrx_word' id='word_1_228' title='bbox 0 0 1622 5394; x_wconf 95' lang='lat' dir='ltr'><strong> </strong></span> 
     </span>
    </p>
   </div>
  </div>
 </body>
</html>
