3234 5396
343 529 404 593 300
799 533 934 584 rtmulsl
951 533 1012 586 vttt.

294 621 699 638 Q·-
1251 627 1503 638 Ἣ

357 745 391 800 45
409 750 488 814 Vidit
509 751 697 815 suadentem!
721 752 806 814 Haud
829 753 915 815 aliter
935 753 1023 815 uerba
1045 753 1140 815 edidit
1160 754 1233 816 ista:

407 860 474 922 Non
496 861 598 924 habuit
619 882 667 924 mo
688 869 767 924 terra
789 861 857 936 diu;
880 863 906 924 si
927 863 984 925 vita
1007 862 1114 924 luisset

408 970 511 1049 llouga
532 971 593 1046 diu,
615 969 692 1033 mala
714 971 805 1033 multa
829 971 935 1045 iurent,
959 989 1035 1052 quae
1057 971 1138 1034 nulla
1160 972 1299 1036 tuissent.

408 1081 455 1144 lte
476 1081 531 1143 tibi
553 1081 664 1146 laetitia
686 1081 816 1143 oeaultat
836 1098 910 1153 mea,
933 1080 1059 1160 plurima
1082 1081 1194 1144 oireum

410 1191 493 1264 Quae
515 1191 610 1253 radiat
630 1189 765 1272 volatque
786 1191 839 1253 tibi
860 1209 909 1252 me
932 1191 1066 1253 animalis
1087 1193 1125 1253 ad
1146 1193 1249 1267 instar,
1368 1187 1372 1197 ’

358 1305 392 1358 tto
409 1299 511 1363 Seriea
533 1301 581 1363 lila
603 1301 660 1362 sibi
683 1301 731 1362 eoi
754 1309 824 1363 suut
845 1317 898 1362 sua
920 1299 1022 1362 iasaia.
1065 1301 1172 1379 Magno

407 1409 533 1472 Junetus
555 1429 656 1473 amore
677 1411 760 1484 mihi,
782 1428 839 1472 nee
860 1409 963 1470 deerat
985 1427 1099 1484 caussa,
1123 1412 1220 1487 luisti3

408 1520 484 1582 Nam
504 1521 531 1582 si
553 1519 804 1592 rotmannum,
827 1519 880 1582 tihi
901 1519 964 1581 veri
987 1519 1145 1582 ostendere
1169 1523 1278 1583 amoris

408 1631 454 1692 lle
477 1631 544 1710 plus
567 1649 655 1710 quam
676 1630 813 1691 trondem
835 1629 963 1691 vidisses
985 1647 1082 1710 usque
1104 1639 1249 1710 paratum.

409 1741 481 1803 Pars
504 1759 538 1802 ea
561 1740 642 1802 laeva
665 1757 743 1812 orae,
766 1737 902 1800 liltodani
925 1757 1013 1819 quam
1035 1741 1144 1819 perluit
1163 1741 1254 1814 unda,

358 1857 392 1910 aa
408 1851 494 1912 llista
516 1849 565 1913 ubi
589 1850 752 1928 adsurgo,
776 1869 822 1912 me
844 1849 993 1929 quondam
1015 1856 1077 1911 tota
1100 1849 1238 1912 manebat

408 1961 528 2040 Regem,
552 1967 641 2040 atque
662 1959 813 2021 Ausoniae
835 1959 914 2038 quod
938 1975 1031 2021 cornu
1053 1967 1130 2022 tecta
1153 1962 1341 2040 frequentant

408 2069 503 2144 Baris,
526 2069 651 2150 Caietae,
673 2069 821 2141 Crotonis,
844 2067 896 2130 uhi
918 2069 996 2131 unda
1018 2065 1141 2131 'l'rueuti

408 2180 445 2242 Et
466 2179 571 2243 Verdis
591 2179 698 2260 pelago
720 2177 871 2240 miscetur.
914 2180 978 2240 lara
1001 2195 1090 2241 aurea
1113 2179 1188 2242 crini

409 2289 495 2352 Serta
516 2307 583 2352 meo
606 2287 757 2360 dederant,
781 2305 854 2367 quas
871 2295 965 2350 terras
987 2289 1090 2365 irrigat
1110 2289 1196 2363 Ister,

359 2405 393 2456 oo
409 2399 571 2479 Postquam
592 2397 774 2460 Teutonicos
797 2396 892 2478 parcit
914 2398 1086 2476 confingere
1108 2399 1202 2473 lines3

410 2511 552 2590 Quaeque
574 2507 736 2570 Paahiuum
759 2506 839 2570 iuter
857 2506 956 2581 tellus,
978 2507 1115 2588 interque
1135 2508 1275 2571 Pelorum

410 2618 572 2699 Splendida
594 2617 701 2696 caligat
721 2617 885 2688 Trinacria,
907 2616 1034 2698 plusque
1056 2617 1172 2680 laborat

409 2729 544 2790 Arento
567 2745 656 2807 supra
678 2727 818 2789 Calenam
840 2729 909 2804 (nee
930 2745 1027 2807 poena
1048 2726 1183 2807 Typhoei

407 2839 523 2901 Caussa
545 2844 600 2910 est,
623 2837 676 2898 sed
698 2853 826 2899 nasaeus
848 2837 985 2917 sulphur)
1006 2837 1146 2916 proprios
1169 2855 1288 2918 quoque
1308 2851 1400 2918 reges·

360 2955 394 3010 tt
410 2948 550 3010 Vidisset.
594 2947 704 3008 Nostro
725 2952 881 3025 regnasset
902 2947 1044 3024 sanguiue
1066 2953 1165 3008 cretus
1230 2956 1235 2967 “
1342 3004 1345 3011 .

411 3057 544 3132 Carolus,
566 3065 597 3118 et
617 3065 701 3119 name
723 3055 845 3118 soboles
867 3074 1011 3134 generosa
1033 3056 1217 3136 liudolphus,

409 3169 446 3230 Ni
468 3187 591 3248 pravum
612 3167 779 3247 imperium,
803 3164 882 3246 quod
904 3183 1025 3245 semper
1045 3165 1134 3228 eorda
1157 3164 1261 3230 dolore

410 3277 545 3359 Subjeeti
567 3283 687 3357 torquet
705 3275 818 3356 populi,
842 3276 968 3338 clamare
981 3276 1129 3339 Panormi

409 3387 520 3466 Vulgus
542 3387 707 3466 adegisset:
730 3385 872 3459 Perseus,
895 3386 1037 3460 interfice,
1061 3385 1163 3448 eaede.

360 3511 394 3563 ro
410 3499 448 3560 llt
470 3498 494 3559 si
517 3497 546 3559 id
569 3495 740 3578 prospiciat,
763 3495 835 3557 milri
859 3496 909 3576 qui
932 3505 979 3558 est
1000 3513 1168 3575 gemnauus,
1192 3514 1309 3558 avaram

409 3607 587 3687 Pauperiem
609 3605 725 3684 lugeret
746 3604 944 3679 Cantennam,
966 3612 1000 3667 ut
1021 3605 1127 3667 damna
1148 3605 1246 3667 lutura

409 3718 528 3779 vitaret.
571 3716 654 3788 Nam,
677 3723 710 3776 ut
730 3733 799 3776 vera
821 3715 935 3795 loquar,
958 3715 1021 3777 sive
1042 3715 1116 3795 ipse,
1139 3734 1264 3778 neeesse
1287 3723 1341 3778 est

410 3828 480 3892 Siue
502 3827 549 3890 sui
571 3833 700 3899 eareant,
722 3843 760 3888 ne
781 3825 879 3906 major
899 3825 1015 3889 sarcina
1038 3834 1162 3887 onustae

409 3936 482 4000 Navi
503 3937 681 4016 imponatur.
726 3935 817 4016 Cujus
838 3943 942 3997 namra
962 3935 1140 4016 propinquis

360 4064 394 4117 75
410 4045 496 4109 Edita
517 4046 676 4120 munificis,
699 4044 855 4107 deseendit
875 4063 974 4126 parca,
996 4045 1201 4125 ministrisque

412 4157 523 4219 Orbata
545 4163 591 4218 est
611 4155 736 4236 implere
758 4155 857 4216 minus
879 4153 1052 4218 curantibus
1074 4173 1182 4217 aream.
1240 4199 1243 4206 -

452 4268 537 4340 lium,
561 4284 649 4346 qnam
670 4272 702 4327 tu
724 4264 824 4327 lundis
845 4265 949 4338 tando,
972 4265 1051 4328 haud
1074 4283 1162 4327 serus
1185 4270 1273 4344 atque
1295 4281 1352 4344 ego
1375 4282 1468 4337 uerno,

410 4375 506 4438 Altam
526 4375 667 4439 laetitiam
689 4376 780 4437 eredo
801 4384 831 4436 te
853 4393 986 4452 eernere,
1008 4375 1060 4437 ulai
1080 4391 1169 4436 omne

411 4485 536 4561 llesinit,
558 4485 747 4566 exorimrque
768 4484 888 4560 bouum,
910 4485 984 4548 milri
1006 4485 1117 4565 gratius
1139 4485 1219 4547 istud
1384 4547 1389 4561 ‚
1463 4567 1467 4576 Ι
