3234 5396
560 515 741 567 cunuttutttt
760 515 850 566 XXXll.

203 735 356 797 Flammis.
400 736 443 796 hc
464 734 553 796 veluti
576 733 697 795 tutando
719 744 841 813 pectora
864 736 956 796 scutis

204 845 299 905 Vertit
320 863 389 907 sese
412 845 493 907 acies
516 846 546 906 in
570 861 673 923 gyrum
695 844 778 922 signa
800 853 912 918 secuta,

203 953 278 1015 'lota
299 953 474 1034 priusquam
495 956 526 1016 iu
548 971 582 1014 se
604 953 744 1015 mutarier
760 954 870 1016 ordine
893 955 1005 1034 possit;

204 1063 269 1124 lion
294 1082 381 1125 secus
403 1063 452 1126 illa
477 1063 586 1124 cohors
607 1078 732 1139 regnum
755 1063 884 1124 coeleste
908 1064 1065 1137 colentum,

155 1183 187 1233 2⁰
205 1173 290 1266 Quae
311 1171 502 1252 procedebat,
525 1172 697 1251 pertransiit
718 1173 834 1248 agmine
855 1171 956 1252 longo,

204 1283 280 1344 Ante
302 1301 389 1343 suum
412 1282 542 1343 anterior
564 1299 652 1360 quam
673 1290 752 1342 temo
774 1283 907 1344 flecteret
928 1301 1021 1344 asena.

247 1391 321 1453 lude
343 1392 449 1453 iterum
471 1391 616 1470 nymphae
639 1392 675 1453 ad
698 1391 796 1454 radios
819 1392 935 1454 rediere
957 1400 1096 1464 rotarum,

205 1502 243 1563 Et
264 1508 398 1562 sanctum
422 1501 553 1580 gryphus
575 1519 694 1562 currum
717 1499 762 1561 sic
782 1501 881 1574 morit,
905 1511 937 1563 ut
959 1521 1016 1564 noa

205 1612 325 1674 hlarum
346 1610 446 1690 pluma
468 1608 547 1672 haud
569 1610 659 1671 luerit
680 1618 779 1671 tamen
800 1611 857 1673 icta
879 1623 1018 1673 tremore.

156 1741 188 1791 25
206 1721 243 1782 tt
264 1739 340 1801 quac
363 1719 400 1782 ad
422 1719 585 1781 Lethaeum
606 1719 713 1782 mulier
733 1738 781 1780 me
804 1728 931 1783 traxerat
953 1739 1078 1794 amnem,

205 1831 242 1892 llt
264 1831 390 1892 Satrius
412 1848 527 1890 mecum
549 1829 616 1909 ipse
637 1838 741 1902 rotam
765 1848 840 1908 quae
861 1831 978 1909 perficit
1000 1832 1102 1892 orhern

205 1942 314 2002 Arcum
336 1940 413 2000 intra
434 1938 597 2012 minimum,
621 1957 724 2001 sumus
746 1957 805 2000 uua
825 1958 904 2018 pone
927 1941 1032 2003 secuti.

205 2049 256 2112 Sic
277 2049 370 2111 altum
390 2029 596 2128 uuusquisque
618 2065 725 2108 nemus
746 2067 928 2129 vacuumque
950 2068 1118 2130 pererrans,

205 2160 288 2222 lllius
311 2158 407 2238 culpa,
430 2176 506 2237 quae
529 2158 604 2219 lalso
626 2155 754 2219 credidit
770 2158 871 2238 ¹angui,

157 2286 189 2338 so
206 2267 379 2348 Argolicum
400 2266 436 2328 ad
460 2285 614 2329 numerum
642 2267 789 2346 gaudebat
809 2267 922 2347 fingere
943 2287 1060 2348 passus.

204 2379 242 2440 Et
264 2385 405 2459 quantum
427 2377 504 2460 trino
526 2375 656 2439 resoluta
680 2376 783 2454 sagitta
804 2378 903 2440 volatu

206 2487 351 2551 Conficiat
372 2487 468 2566 spatii,
493 2487 603 2561 forsan,
626 2493 740 2548 motum
761 2488 827 2567 ipse
848 2487 971 2550 videbar

204 2599 396 2677 Progressus,
420 2597 516 2660 donec
538 2615 626 2659 curru
647 2603 693 2658 est
715 2596 835 2677 delapsa
855 2597 996 2660 ermx.

246 2707 366 2782 Nescio,
389 2707 459 2787 quid
482 2714 604 2768 cunctos
625 2715 794 2768 mussantes
816 2708 939 2770 innuere
961 2703 1074 2770 Adam!

158 2817 304 2892 assensi,
328 2818 378 2898 qui
401 2818 546 2897 quandam
569 2824 638 2878 sunt
659 2817 790 2896 plantam
813 2818 931 2896 cingere
954 2818 1050 2880 adorti

205 2927 354 3002 lllorihus,
378 2936 465 3007 atquc
488 2926 569 2987 omrri
591 2926 748 3005 spoliatam
771 2927 887 2988 frondis
909 2929 1033 2990 honore.

206 3037 281 3100 Huic
303 3055 387 3099 coma
409 3036 477 3116 plus
498 3044 579 3098 tanto
601 3035 733 3116 spatiosa
754 3045 855 3116 patere
876 3037 1001 3107 videtur,
1122 3023 1125 3030 ’

207 3149 324 3221 Quanto
345 3147 420 3208 haec
441 3146 509 3226 plus
531 3144 608 3207 tollit
629 3165 712 3220 sese,
736 3153 766 3206 et
786 3145 929 3209 rnirahilis
951 3147 1033 3207 lodis

205 3259 272 3320 Alto
296 3263 376 3319 esset
399 3257 503 3335 capite,
526 3255 595 3318 huic
618 3255 744 3316 similem
768 3255 792 3316 si
816 3274 852 3316 ea
874 3255 946 3316 silva
968 3255 1093 3316 tulisset.

158 3375 190 3428 to
246 3367 312 3429 llita
333 3367 419 3428 beata
438 3365 494 3427 tihi
515 3376 570 3439 est,
594 3365 644 3444 qui
664 3371 764 3427 rostro
787 3363 922 3426 scindere
943 3364 1055 3443 lignum

205 3477 297 3540 Dulce
319 3477 377 3538 hoc
399 3476 528 3555 gustanti
549 3476 637 3552 iugis,
660 3492 678 3535 o
701 3491 805 3554 gryps3
828 3492 895 3536 oam
917 3473 993 3535 male
1015 3481 1110 3535 tortus

206 3587 282 3649 llinc
305 3585 376 3647 abiit
397 3583 513 3647 venter!
537 3583 588 3645 Sic
610 3585 689 3645 circa
710 3583 818 3645 robora
839 3583 958 3663 plantae

207 3696 380 3760 Clamahant
400 3695 458 3757 alii.
502 3694 579 3755 Tum
600 3694 734 3756 animans
755 3693 818 3754 vice
841 3693 958 3773 duplice
981 3701 1082 3755 natusz

207 3807 256 3869 Sic
279 3807 325 3866 las
348 3814 394 3866 est
414 3823 516 3866 semen
535 3803 609 3884 justi
631 3803 776 3884 quusque
798 3802 884 3864 tueri.

159 3922 190 3976 tc
204 3917 300 3995 Atque
322 3916 359 3977 ad
381 3921 531 3976 temonem
552 3932 665 3987 versus,
689 3931 775 3991 quem
797 3920 926 3973 traxerat
947 3911 1011 3984 alis,

204 4024 329 4086 Arboris
351 4032 417 4087 ante
439 4025 532 4104 pedes
553 4023 659 4085 viduae
681 4023 813 4102 raptarit,
837 4030 866 4082 et
887 4022 970 4082 illum

206 4135 295 4196 lstius
318 4141 423 4196 trunco
446 4133 601 4212 religatum
623 4133 708 4212 liquit
729 4132 760 4192 io
782 4132 849 4194 ista.

205 4244 301 4324 litque
323 4243 421 4305 solent
441 4243 531 4305 isthic
552 4243 679 4323 plantae,
703 4259 770 4303 cum
793 4241 904 4303 decidit
925 4240 985 4302 alto

204 4355 267 4416 Lux
289 4355 405 4430 iugens,
428 4368 535 4429 magno
557 4352 634 4414 lucis
656 4351 797 4430 permixta
820 4350 927 4423 nitore,

157 4471 189 4523 th
206 4465 301 4536 Quem
323 4469 393 4542 post
414 4462 574 4524 coelestem
595 4461 708 4541 piscem
730 4460 847 4522 radiare
868 4459 1011 4532 videmus,
1072 4473 1077 4480 ·
