3362 5414
467 1431 801 1577 'oriuntur
839 1481 1047 1575 ntum
1082 1479 1306 1574 ruant
1370 1435 1375 1444 ’
1486 1442 1523 1472 ·’

836 1705 964 1782 v1ut.

708 1969 1094 1980 ———-———·———-

368 2169 441 2258 Ubi
462 2187 553 2270 Alpes
574 2187 715 2252 Rbeetiae
738 2208 755 2251 a
775 2187 887 2250 Veneto
910 2185 984 2250 mari
1006 2186 1166 2269 plurimum
1189 2186 1340 2260 recedunt,
1365 2185 1454 2248 situm
1476 2194 1524 2248 est

283 2287 448 2364 Schium,
480 2288 615 2370 locuples
637 2301 667 2352 et
688 2289 866 2352 industrium
889 2287 999 2372 Galliae
1022 2287 1251 2367 Transpadanae
1280 2288 1433 2369 oppidum.
1476 2287 1524 2348 lbi

283 2390 395 2452 saeculi
422 2391 615 2471 praeterlapsi
641 2409 719 2452 anno
749 2389 933 2468 sexagesimo
962 2397 1081 2464 octavo,
1104 2389 1207 2451 ultimo
1229 2391 1341 2454 mensis
1363 2389 1434 2451 Julii
1462 2387 1523 2463 die,

281 2491 418 2554 honestis
438 2490 610 2571 parentibus
632 2500 719 2552 natus
746 2498 793 2553 est
814 2492 981 2553 maurinus
1003 2509 1098 2552 neuun
1114 2491 1236 2570 Putet.
1279 2491 1393 2552 Primos
1416 2490 1524 2552 didicit

282 2592 383 2654 literas
411 2591 579 2654 institutore
607 2593 782 2654 Damiano
811 2590 911 2653 dalla
933 2592 1081 2665 Pinara,
1105 2591 1194 2653 docto
1215 2592 1328 2671 pariter
1355 2609 1390 2653 ae
1417 2600 1521 2654 saneto

283 2694 451 2768 sacerdote,
487 2693 571 2772 eujus
600 2693 758 2772 disciplina
784 2692 940 2772 puerulum
968 2692 1133 2755 lelieiorum
1167 2693 1334 2754 studiorum
1361 2693 1523 2774 cupiditate

238 2815 248 2834 ·
283 2795 427 2857 incendit.
471 2794 599 2867 Deinde,
636 2793 734 2856 divitis
758 2792 910 2874 eujusdam
932 2794 1091 2873 municipis
1111 2793 1259 2855 beneficio
1282 2794 1414 2874 adjutus,
1443 2795 1523 2856 inter

282 2894 508 2975 Patavini,··per
528 2901 620 2956 totem
641 2895 791 2975 Europam
813 2893 1013 2968 celeberrimi,
1035 2893 1192 2958 Seminarii
1215 2894 1349 2956 alumnos
1370 2901 1519 2974 receptus,

283 2997 409 3059 ducibus
431 2996 559 3084 Costa,
588 2995 819 3058 Cbitesottio
841 2994 967 3076 aliisque
990 2995 1164 3057 clarioribus
1187 2995 1250 3075 ejus
1273 2994 1336 3056 aevi
1358 2995 1519 3073 magistris,

183 3135 185 3144 ,
284 3097 431 3176 insignem
453 3096 548 3158 literis
571 3105 629 3158 tam
641 3093 762 3159 Graecis
784 3114 873 3177 quarn
892 3095 1145 3162 Latinisnavarit
1168 3114 1297 3176 operam.
1341 3094 1429 3158 Auxit
1456 3104 1520 3158 stu-

284 3199 326 3262 dii
354 3198 489 3260 ardorem
521 3197 623 3290 intimq
651 3215 718 3259 curn
745 3197 917 3259 lectissimis
946 3197 1060 3277 aliquot
1086 3196 1300 3276 condiscipulis
1323 3196 1519 3260 consuetudo.

282 3301 374 3362 Erant
394 3300 501 3362 borum
524 3317 559 3360 ex
580 3316 703 3360 numero
719 3299 939 3372 Savorinus,
961 3298 1122 3362 Clodianus
1142 3305 1247 3376 postea
1270 3297 1441 3378 episcopus,
1465 3298 1519 3360 do-

284 3401 494 3480 ctissimusque
526 3397 710 3474 Melanos,
741 3400 804 3482 jam
833 3400 1000 3473 (ianonicus
1027 3399 1186 3475 Patruinus
1218 3397 1369 3478 studiique
1404 3399 1519 3463 tlleolo-

283 3503 343 3582 gici
370 3502 401 3564 in
427 3501 522 3563 nobili
542 3500 592 3562 illa
611 3501 761 3562 Musarum
781 3500 853 3564 sede
875 3501 1006 3563 director
1025 3499 1249 3574 meritissimus,
1284 3508 1313 3562 et
1333 3502 1519 3563 Antonius

283 3602 439 3675 lliedus,
461 3620 553 3683 eques
575 3618 753 3679 generosus:
783 3619 850 3662 cum
872 3601 980 3681 quibus
1002 3601 1140 3664 omnibus
1162 3601 1307 3664 amicitiae
1328 3601 1435 3664 loedus
1455 3621 1519 3664 ma·

283 3711 349 3766 ture
372 3710 553 3765 contractum
574 3721 671 3780 usqne
693 3702 729 3762 ad
752 3701 868 3763 eineres
890 3710 991 3764 sancte
1014 3702 1140 3764 servarit
1160 3702 1278 3764 Pnzzn.
1320 3701 1410 3764 Hisce
1431 3721 1519 3782 pree-

284 3803 369 3866 sidiis
396 3803 428 3864 iu
454 3803 542 3864 bonis
572 3802 685 3886 artibus
714 3801 809 3882 probe
830 3802 946 3863 erudito
969 3803 1170 3881 Zagnrius,
1203 3804 1390 3866 venerandus
1412 3804 1519 3866 Vicen-

284 3905 365 3966 tinae
387 3903 560 3980 dioeceseos
581 3904 709 3984 praesul,
731 3903 863 3964 literatee
885 3903 1067 3983 antiquitatis
1089 3905 1221 3991 studiun'r¹
1236 3904 1388 3970 seminarii
1400 3905 1520 3985 episco-

283 4005 360 4086 palis
382 4004 532 4066 auditores
560 4005 687 4068 docendi
708 4002 891 4084 provinciam
912 4004 990 4066 leliei
1012 4005 1128 4066 delectu
1152 4005 1310 4068 mandavit.
1361 4006 1519 4086 Aliquanto

285 4107 365 4169 enim
385 4114 464 4185 post,
484 4105 608 4187 jubente
631 4104 850 4168 ferventissimo
873 4105 930 4166 soli
951 4105 1058 4167 natalis
1080 4124 1196 4178 amore,
1219 4107 1249 4168 in
1271 4106 1399 4187 patriam
1420 4125 1520 4168 rever-

286 4225 352 4270 sum
374 4215 474 4285 gratus
497 4205 854 4287 discipulorumanimns
883 4205 1117 4287 obsequiumque
1148 4225 1282 4287 perenne
1315 4215 1384 4269 sunt
1414 4225 1521 4286 prose-

286 4306 380 4390 quuti.
422 4306 526 4369 Latius
546 4326 616 4369 vero
644 4314 802 4388 patuerunt
828 4306 918 4386 inque
935 4305 1018 4370 dies.
1036 4307 1210 4387 prosperius
1238 4315 1394 4370 cesserunt
1420 4326 1521 4382 curae,

286 4427 361 4492 quas
383 4406 466 4468 Sobii
485 4426 542 4489 per
561 4408 680 4488 longam
701 4402 846 4475 annorum
867 4408 984 4481 seriem,
1007 4406 1079 4470 solis
1100 4408 1214 4489 patriae
1235 4408 1412 4471 utilitatibus
1423 4409 1522 4471 inser-

285 4509 385 4583 riens‚
413 4507 445 4569 in
470 4508 653 4590 juventutem
675 4507 885 4572 instituendam
905 4507 1053 4588 bonisque
1079 4507 1214 4606 moribus
1240 4509 1429 4573 imbuendam
1457 4517 1523 4572 toto
