3282 5404
636 535 770 586 PdliblllSl
788 537 864 586 xxtv.

205 751 239 806 ⁷5
257 751 308 814 Sic
330 753 429 816 animo
452 751 579 832 quisque
601 752 760 833 acciperet,
783 753 868 818 loeus
890 773 958 818 esse
979 757 1131 835 sophistae

256 862 380 941 Ingenio
402 861 481 924 baud
503 869 617 941 posset.
660 863 722 924 ch
743 864 818 926 haec
839 883 874 926 ex
895 864 1016 928 tlamine
1037 866 1147 930 ameris

256 970 339 1036 lllius
361 973 485 1034 incenso
507 971 602 1046 venit3
625 971 695 1036 dein
716 972 826 1036 talibus
846 973 924 1036 iniit:

257 1081 333 1142 Tum
354 1089 433 1155 ncta,
456 1089 518 1143 tum
539 1081 657 1161 pondus
679 1083 766 1161 pensi
786 1083 864 1146 bene
886 1083 1024 1146 convenit
1044 1082 1133 1146 aeris.

256 1190 294 1250 tt
314 1191 387 1262 fare,
409 1209 448 1252 an
469 1191 593 1270 proprio
615 1190 773 1254 exlocule
793 1192 1015 1273 deprompseris
1037 1191 1141 1254 istud?

204 1305 240 1358 8⁰
255 1299 332 1360 Huic
353 1318 423 1378 ego:
446 1301 490 1362 lta
510 1301 569 1363 boc
590 1307 684 1362 serre*
698 1309 758 1364 mm
779 1302 896 1382 fulgens
920 1309 1036 1382 temque
1057 1303 1226 1377 rotundum,

256 1409 294 1470 Ut
314 1416 402 1488 typus
422 1409 501 1472 haud
524 1409 684 1488 quidquam
706 1411 813 1474 incerti
835 1411 908 1474 mihi
930 1411 1041 1474 habere
1063 1419 1191 1492 putetur.

298 1518 375 1580 Exin
396 1538 433 1581 ex
453 1518 519 1580 luce
542 1527 589 1580 est
609 1538 666 1581 vox
686 1521 761 1582 haec
782 1521 891 1582 emissa
912 1521 1069 1600 protunda,

258 1627 340 1701 Quae
362 1627 538 1708 splendebat
559 1628 614 1690 ibi:
639 1629 760 1692 Gemma
780 1629 856 1692 baec
878 1630 1041 1703 carissima,
1065 1649 1123 1710 qua
1144 1639 1200 1692 stat

256 1737 330 1798 Nixa
353 1738 451 1800 omnis
471 1737 573 1812 virtus,
597 1737 676 1800 unde
698 1745 744 1800 est
765 1737 843 1802 tibi?
864 1738 987 1802 Talibus
1009 1739 1069 1804 illa.

206 1846 240 1901 85
257 1846 309 1908 Ast
331 1865 403 1926 ego:
425 1847 592 1925 Largiduus
615 1847 707 1909 divini
728 1848 856 1911 flaminis
877 1847 983 1923 imber,
1000 1840 1004 1847 ’

258 1956 349 2037 Cujus
371 1956 402 2018 in
425 1957 554 2037 antiquis
576 1958 683 2020 diffusa
705 1965 751 2020 est
773 1958 858 2037 copia
881 1958 992 2021 charde

257 2066 351 2146 Inque
371 2067 467 2141 neus,
489 2069 573 2130 firma
594 2065 668 2130 mibi
689 2085 744 2146 pre
766 2062 881 2129 ratione
902 2067 1012 2130 valebit

257 2177 383 2258 Semper
405 2176 450 2238 sic
470 2150 637 2256 praesente,
660 2183 693 2240 ut
714 2176 864 2256 quaelibet
885 2183 967 2240 esset
987 2176 1024 2242 ad
1044 2177 1125 2241 illam

257 2286 308 2346 Vis
331 2286 552 2348 demonstrandi
575 2287 714 2350 evincens
737 2285 844 2348 obtusa
865 2287 973 2350 tratura.

206 2406 241 2458 tto
299 2395 412 2458 Deinde
434 2396 507 2459 baec
530 2396 646 2458 audiui:
668 2395 808 2458 Doctrina
830 2396 951 2474 antiqua
972 2414 1148 2476 recensque,

131 2481 136 2588 Ι
259 2505 342 2579 Quae
365 2507 409 2568 sic
430 2505 590 2580 concludit,
614 2523 668 2568 cur
689 2503 808 2567 esttibi
831 2523 915 2567 saera
937 2504 1078 2585 loquela?

258 2616 343 2678 Tunc
365 2633 433 2695 ego:
456 2615 698 2695 Facta-,probant
717 2615 804 2676 istam
825 2615 964 2678 testantia
986 2634 1096 2690 ueram,

256 2726 301 2787 nd
323 2745 398 2806 quae
420 2745 482 2788 non
504 2726 592 2797 terro,
615 2743 676 2786 non
698 2733 744 2786 est
765 2725 924 2788 incudibus
945 2743 1001 2788 usa

256 2835 384 2898 Daedala
406 2842 528 2898 naturae
549 2835 654 2898 virtus.
675 2861 716 2880 -
738 2835 800 2898 vox
821 2834 933 2900 haecce
953 2836 1082 2900 remisit:

207 2956 240 3010 95
258 2945 342 3019 Quae
362 2945 418 3008 tibi
440 2944 537 3006 cautio
560 2943 626 3014 erit,
649 2963 770 3024 quaeso,
792 2945 868 3008 baec
889 2953 1005 3008 narrata
1028 2943 1147 3010 luisse?

256 3054 333 3118 lllud
354 3055 443 3129 idem,
467 3054 545 3135 quod
569 3054 666 3116 adbuc
686 3062 785 3118 manet
806 3061 976 3132 argumenta
997 3054 1163 3133 prebende,

256 3163 350 3227 Nemo
372 3164 426 3226 tibi
444 3165 533 3245 jurat.
577 3163 609 3225 Si
631 3162 757 3224 ostentis
779 3162 874 3224 excita
895 3162 984 3226 nullis

256 3275 398 3355 Amplexa
420 3285 467 3336 ast
486 3273 573 3356 tellus
596 3271 754 3345 Christum,
776 3273 851 3334 haec
871 3271 1016 3355 ntirabilis
1036 3291 1096 3337 una

257 3385 316 3446 Res
338 3385 417 3458 facit,
438 3390 473 3446 nt
492 3383 616 3463 reliquis
638 3400 699 3443 non
721 3381 759 3444 sit
780 3382 944 3448 centesima
962 3382 1065 3455 virtus,

191 3497 241 3550 1⁰⁰
256 3495 344 3570 Dixi3
365 3503 398 3558 tu
420 3513 558 3574 campum
579 3511 700 3573 pauper,
720 3491 841 3573 jejunus
863 3491 956 3565 inisti,

256 3603 413 3692 Egregiam
434 3611 468 3665 ut
490 3622 606 3668 sereres
628 3603 767 3683 plantam,
790 3619 865 3682 quae
888 3601 994 3666 fertilis
1015 3601 1082 3663 uris

257 3714 323 3776 Jam
344 3713 408 3785 luit,
431 3714 559 3776 attacta
581 3721 628 3776 est
647 3712 737 3775 modo
760 3712 863 3774 sentis.
905 3711 1002 3776 Verba
1023 3711 1078 3778 sub
1100 3711 1156 3775 ista

257 3823 436 3885 Insonuere:
459 3823 556 3886 Desara
577 3815 754 3885 laedemus!
776 3821 906 3884 carmine
928 3821 960 3884 in
982 3821 1033 3884 illc

258 3932 478 4012 concentuque,
500 3933 595 3998 melos
617 3933 698 4014 qued
719 3937 788 3994 sunt
810 3938 928 3994 eantare
950 3931 1026 3996 sueti

192 4043 291 4104 105111
314 4041 399 4104 coelo
420 4042 496 4104 Ilivi.
518 4075 560 4090 --
581 4043 617 4104 tt
637 4041 777 4122 majestas
798 4041 947 4121 Principis
969 4040 1029 4114 illa,

259 4151 341 4224 Quae
364 4152 408 4214 sic
430 4171 466 4214 ex
486 4171 570 4226 ramo
591 4153 628 4215 ad
649 4171 764 4216 ramum
783 4169 834 4216 me
854 4159 983 4216 traxerat
1003 4169 1099 4231 usque

256 4261 424 4336 Excutiens,
447 4263 543 4324 donec
561 4261 684 4342 jamjam
706 4262 743 4324 ad
764 4261 835 4323 felia
856 4261 959 4323 ultima
979 4269 1096 4323 ventum
1119 4269 1178 4322 est:

258 4369 340 4442 Quae
363 4390 395 4432 se
417 4379 517 4434 mente
540 4379 589 4432 tua
611 4369 738 4433 delectat
759 4371 861 4450 gratia,
883 4371 965 4443 dixit,

256 4480 417 4555 Hactenus,
442 4492 473 4544 ut
495 4481 604 4555 decuit,
625 4481 781 4560 responsis
804 4501 854 4546 cra
878 4480 1016 4558 resolvit3
